3170 5304
445 513 516 588 226
563 527 648 588 nea
677 504 1111 592 ui·ranon1³noans
1140 539 1365 625 novica,

440 678 487 753 In
500 704 779 778 quamcumque
791 681 927 760 domus
939 669 1095 764 adv'eno
1108 692 1258 770 lumina
1268 711 1409 796 panem
1420 760 1432 798 ‚

441 809 638 884 immensae
651 823 867 909 spectantur
880 841 969 913 opes
991 847 999 892 :
1016 821 1157 896 accedit
1173 825 1305 902 eodem

438 933 561 1032 Digna
571 937 651 1011 Dea
663 937 773 1013 facies
791 968 799 1014 :
814 937 892 1016 huc
904 957 1009 1018 natas
1026 947 1143 1043 adjice
1157 965 1317 1052 septem,

437 1065 485 1137 Et
497 1065 654 1142 totidem
666 1071 845 1168 juvenes3
862 1085 900 1146 et
913 1100 1004 1150 mox
1016 1104 1246 1180 generosque
1258 1111 1469 1184 nurusque.
1579 1067 1580 1132 l

438 1195 604 1283 Quaerite
616 1227 738 1300 nunc,
753 1202 889 1277 habeat
902 1232 1017 1302 quam
1028 1223 1155 1286 nostm
1167 1217 1344 1313 superbia
1356 1219 1522 1298 eausam:

432 1329 566 1406 Nescio
582 1359 735 1432 quoque
747 1336 880 1412 audete
891 1350 1008 1414 satam
1021 1341 1197 1418 Titanida
1208 1347 1293 1422 Caeo

434 1463 614 1542 Latonam
627 1469 804 1567 praeferre
817 1469 936 1566 mihi3
952 1474 1016 1546 cui
1031 1476 1198 1551 maxima
1210 1481 1403 1577 quondam

432 1591 616 1690 Exiguam
629 1595 755 1670 sedem
770 1597 950 1694 paritum
959 1599 1076 1676 Terra
1093 1608 1253 1704 negavit.

431 1717 508 1793 Nec
521 1722 633 1819 coelo,
650 1749 719 1798 nec
729 1723 869 1820 humo,
885 1752 955 1801 nee
967 1734 1075 1827 aquis
1088 1735 1167 1808 Dea
1179 1751 1305 1813 vestra
1316 1755 1466 1840 recepta
1477 1759 1541 1818 est.

431 1845 550 1920 Exsul
563 1861 642 1923 erat
654 1849 811 1948 mundi,
826 1851 946 1928 donec
963 1857 1137 1934 miserata
1151 1877 1365 1966 vagantem3

430 1975 586 2075 Hospita
597 1991 641 2052 tu
653 1981 763 2056 terris
777 2007 896 2080 erras,
912 2012 995 2084 ego,
1010 1989 1127 2090 dixit,
1136 1994 1184 2069 vin
1198 1998 1314 2072 undis
1322 2031 1334 2095 ;

428 2108 720 2212 instabilemque
732 2114 859 2192 locum
873 2118 985 2209 Delon¹
999 2120 1114 2199 dedit.
1132 2125 1200 2202 llla
1212 2129 1362 2205 duobus

427 2237 535 2314 Facta
548 2267 683 2339 parens
702 2274 711 2320 ε
729 2248 831 2321 uteri
844 2275 930 2346 pars
944 2251 1092 2330 esthaee
1106 2259 1262 2356 septima
1278 2265 1413 2340 nostri.

428 2367 522 2443 Sum
534 2370 626 2444 felix
642 2402 650 2447 :
664 2377 749 2472 quis
760 2377 864 2453 enim
877 2395 984 2482 neget
997 2383 1097 2463 hoe?
1113 2391 1281 2494 felixque
1292 2403 1465 2478 manebo.

426 2495 507 2572 Hoc
519 2527 671 2598 quoque
685 2508 772 2602 quis
788 2507 960 2587 dubitet?
971 2527 1093 2593 tutam
1105 2549 1169 2597 me
1181 2526 1288 2624 copia
1299 2528 1402 2612 fecit.

424 2625 544 2722 Major
557 2655 660 2728 sum,
679 2634 795 2730 quim
809 2638 872 2710 cui
886 2642 1002 2737 possit
1013 2644 1182 2734 Fortuna
1198 2679 1332 2731 nocere
1344 2687 1353 2734 :

423 2755 618 2855 Multaque
632 2773 678 2834 ut
690 2765 844 2866 eripiat,
862 2772 985 2848 multo
999 2777 1098 2852 mihi
1110 2782 1222 2878 plura
1233 2788 1436 2888 relinquet.

422 2869 620 2962 amasam
636 2905 782 2969 metum
796 2921 879 2972 mea
888 2902 965 2996 jam
978 2904 1089 2980 bona.
1105 2909 1251 3010 Fingite
1262 2917 1366 2994 demi

347 2993 350 3002 ’
423 3009 524 3085 Huic
535 3013 678 3112 aliquid
692 3021 834 3118 populo
847 3037 1026 3107 natorum
1038 3031 1144 3132 posse
1159 3067 1333 3122 meorum
1351 3057 1382 3149 ¹3
1422 3077 1435 3108 ⁴

422 3143 507 3222 Non
516 3156 641 3222 tamen
649 3149 696 3222 ad
706 3177 913 3230 numerum
924 3159 1065 3261 redigat
1076 3167 1231 3264 spoliata
1242 3174 1411 3260 duorum

421 3271 571 3350 Latonae
585 3281 716 3355 :turbi
728 3310 805 3381 quo
817 3303 1007 3386 quantum
1019 3294 1131 3372 distat
1142 3302 1189 3376 ab
1203 3307 1318 3382 orbi?

419 3397 474 3484 Ite
487 3405 598 3479 sacris
610 3428 826 3510 :properate
839 3421 970 3522 sacris3
986 3425 1215 3530 laurumque
1227 3438 1371 3537 capillis

418 3534 562 3611 Ponite.
578 3539 804 3645 Deponunt,
820 3548 1032 3654 infectaque
1044 3585 1146 3636 saera
1157 3565 1403 3668 relinquunt:

416 3663 606 3766 Quodque
613 3669 700 3748 licet
704 3729 718 3770 ,
733 3680 845 3754 tacito
854 3703 1087 3767 venerantur
1097 3720 1297 3777 mumure
1309 3731 1466 3784 numen.
1579 3687 1580 3690 Ἴ

458 3833 466 3864 ¹
487 3831 636 3990 L'orgnelil
646 3837 721 3900 aime
731 3841 948 3925 l'exageration.
961 3853 1028 3914 nux
1038 3875 1117 3933 peut
1126 3859 1163 3920 de
1174 3863 1285 3937 Niobe,
1297 3869 1448 3931 salamine

417 3937 459 3982 est
476 3947 517 3986 un
530 3947 609 4008 peup
621 3951 647 3993 e.
