3170 5304
455 583 523 660 166
565 569 1117 654 uns'uirauonrnosns
1150 587 1376 666 nomn,

450 731 562 844 Signa
576 755 703 818 tamen
717 737 915 815 manifesta
928 733 1034 812 dedit
1050 763 1059 812 :
1074 748 1280 837 notamque
1291 737 1467 838 parenti,

449 881 521 956 Illo
536 880 632 956 forte
643 878 725 954 loeo
738 875 943 974 delapsam,
959 872 1105 972 gurgite
1121 899 1224 948 sacro
1244 882 1252 910 ¹

448 1008 703 1110 Persephones
718 1031 854 1082 zonam
866 1004 1025 1080 summis
1037 1003 1201 1080 ostendit
1212 1005 1256 1081 in
1271 1005 1399 1082 undis.
1488 1079 1491 1084 .

451 1141 577 1232 Quam
590 1137 704 1216 simul
718 1135 889 1236 agnovit,
908 1149 1091 1236 tanquam
1105 1151 1190 1214 tum
1201 1137 1368 1238 denique
1379 1151 1529 1237 raptam

449 1269 603 1368 scisset,
621 1271 814 1345 inornatos
828 1265 986 1342 laniavit
1001 1265 1102 1342 Diva
1117 1267 1290 1368 capillos3

448 1399 497 1476 Et
512 1400 668 1499 repetita
680 1398 757 1473 suis
769 1396 953 1496 percussit
967 1410 1117 1496 pectore
1129 1399 1276 1496 palmis.

447 1531 485 1608 N
485 1556 526 1605 ec
532 1528 601 1604 scit
606 1526 731 1603 adhue
742 1526 812 1602 ubi
824 1527 874 1600 sit
884 1536 1017 1602 :terras
1029 1537 1157 1602 tamen
1169 1527 1338 1628 increpat
1350 1553 1508 1623 omnes,

449 1659 689 1758 ingratasque
699 1667 828 1754 vemt,
846 1681 917 1730 nee
929 1655 1083 1756 bugum
1099 1681 1259 1732 munere
1270 1655 1419 1754 dignas;

448 1787 682 1866 Trinacriam
695 1801 781 1862 ante
794 1787 901 1884 alias,
917 1788 961 1861 in
976 1787 1054 1886 qud
1068 1789 1223 1887 vestigia
1236 1788 1369 1864 damni

449 1919 640 2022 Repperit.
658 1923 754 2020 Ergo
766 1921 845 1996 illie
857 1919 956 1996 saevd
969 1921 1155 1996 vertentia
1170 1919 1290 2020 glebas

447 2053 570 2152 Fregit
581 2065 702 2130 aratra
714 2079 831 2128 manu
848 2079 856 2126 :
875 2054 1064 2153 parilique
1076 2053 1172 2127 mata
1186 2053 1338 2126 eolonos

449 2181 720 2280 Rurioolasque
731 2181 848 2256 boves
864 2180 940 2256 leto
953 2181 1059 2257 dedit
1073 2211 1081 2256 :
1096 2207 1262 2280 arvaque
1274 2177 1383 2278 jussit

448 2311 588 2386 Fallere
603 2311 818 2412 depositum
832 2323 864 2410 ¹,
882 2311 1089 2411 vitiataque
1102 2311 1245 2387 semina
1257 2309 1357 2384 feeit.

446 2439 629 2516 Fertilitas
645 2453 775 2538 terrm,
791 2441 911 2514 latum
925 2442 1075 2542 vidgata
1089 2468 1157 2541 per
1174 2444 1323 2536 orbem,

446 2571 555 2646 Cassa
568 2571 663 2666 jacet
678 2597 686 2644 :
701 2568 834 2668 primis
848 2581 984 2668 segetes
998 2569 1219 2644 moriuntur
1233 2569 1275 2642 in
1288 2563 1437 2658 herbis3

445 2699 493 2772 Et
504 2698 617 2774 modi)
630 2699 685 2772 sol
698 2698 862 2796 nimius,
876 2699 1020 2774 nimius
1033 2699 1146 2773 modi)
1160 2697 1316 2795 corripit
1324 2695 1461 2769 imber.

446 2829 671 2930 Sideraque,
689 2829 898 2930 ventique³
915 2845 1053 2908 nocent
1069 2861 1077 2907 :
1095 2833 1291 2930 avidaeque
1306 2828 1479 2903 volucres

444 2963 594 3036 Semina
604 2965 697 3058 jacta
710 2964 841 3068 legunt
856 2991 865 3037 :
880 2963 1034 3060 lolium,
1049 2961 1257 3060 tribulique
1273 2959 1426 3055 fatigent

441 3093 623 3170 Tritieeas
635 3122 790 3191 messes,
805 3108 843 3170 et
858 3095 1150 3196 inexpugnabile
1161 3115 1325 3194 gramen.

482 3305 494 3340 ²
514 3303 597 3362 Cette
617 3304 817 3365 circonstance
834 3318 878 3364 est
898 3307 1098 3366 tris-dtlieate
1115 3318 1144 3365 et
1162 3299 1415 3382 tres-ingeniine
1433 3299 1474 3358 12

440 3401 571 3460 ceinture
582 3403 693 3478 perdne
705 3405 742 3462 de
752 3408 927 3480 Proserpine
941 3419 985 3463 est
997 3426 1039 3464 un
1053 3407 1193 3465 embltme
1205 3401 1386 3480 allegorique
1398 3399 1474 3457 dela

438 3513 522 3578 perte
534 3501 571 3558 de
584 3519 639 3558 son
650 3501 811 3559 innocente
824 3502 980 3580 virginale.

482 3604 496 3633 ¹
516 3599 685 3676 Depositum
705 3601 809 3658 dicitur
826 3603 964 3679 quiequid
978 3603 1062 3679 apud
1078 3605 1206 3677 aliquem
1225 3599 1364 3656 custodire
1376 3595 1473 3673 gratia

441 3699 878 3778 mlloeatur.1irtverdfigurata
887 3704 1043 3779 aepoetiea
1049 3694 1468 3775 brudmedquodssgersallib

440 3813 499 3854 non
509 3797 659 3853 reddendo
671 3799 783 3855 sentim
798 3801 906 3856 credita
920 3813 1007 3876 atque
1018 3801 1160 3876 deposita.

480 3889 494 3928 ³
519 3897 603 3953 Venti
613 3897 701 3956 tribes
711 3899 884 3978 temporibus
895 3913 999 3958 nocent
997 3899 1150 3976 frumento
1160 3909 1190 3954 et
1195 3895 1304 3952 hordeo
1310 3933 1321 3964 ,
1334 3891 1463 3967 inflare,
1577 3897 1578 3906 ’

437 3995 628 4068 eutprotinus
640 3992 704 4052 crim
714 3980 894 4069 defloruere,
907 4001 958 4056 vel
969 4009 1158 4056 maturescere
1169 3989 1378 4068 incipientibus.
