3218 5342
421 553 495 629 550
519 537 1093 651 ¹nos.ssd'innouruosus
1122 557 1354 637 n‘ovior,

470 719 555 816 Ipse
567 739 631 814 ego
648 736 749 789 saera
763 707 851 784 Jovi
866 731 937 805 pro
950 731 1031 805 me,
1051 710 1267 810 patrisque,
1282 712 1483 812 tribusque

422 853 522 928 Cdm
533 849 691 923 facerem
707 839 824 938 natis,
843 840 1011 938 mugitus
1024 841 1181 918 victima
1196 843 1301 920 diros

421 978 551 1057 Edidit
568 1005 576 1052 :
593 987 630 1050 et
645 971 771 1048 subito
784 967 963 1066 collapsa,
980 971 1063 1045 sine
1075 972 1213 1046 ictibus
1226 973 1332 1072 ullis,

420 1108 568 1205 Exiguo
581 1103 700 1178 tinxit
713 1100 899 1194 subjectos
913 1097 1095 1196 sanguine
1110 1099 1263 1188 cultros.

420 1237 533 1311 Fibra
544 1257 698 1332 quoque
710 1255 805 1327 aegru
820 1233 829 1264 ¹
844 1238 951 1300 notas
963 1228 1067 1328 veri,
1084 1235 1329 1330 monitusque
1342 1233 1507 1308 Deorum

420 1363 643 1442 Prodiderat
659 1390 667 1436 :
682 1361 806 1434 tristes
820 1369 1021 1456 penetrant
1032 1358 1078 1432 ud
1093 1361 1236 1436 visoera
1248 1363 1387 1438 morbi.

471 1497 572 1572 Ante
584 1519 706 1570 sacros
721 1491 804 1566 vidi
817 1493 981 1590 projecta
997 1491 1178 1568 cadavera
1189 1509 1334 1594 postes:

420 1629 520 1706 Ante
536 1626 653 1725 ipsas,
668 1649 746 1721 quo
761 1645 864 1694 mors
877 1618 975 1694 soret
988 1620 1214 1697 invidiosior
1226 1632 1258 1722 ¹3
1273 1649 1366 1700 orus.

420 1757 510 1832 Pars
523 1755 690 1830 animum
703 1750 838 1847 laqueo
855 1745 1056 1845 claudunt,
1075 1751 1284 1848 mortisque
1297 1752 1472 1828 timorem

421 1883 542 1958 Morte
554 1879 706 1978 fugant,
724 1875 902 1972 ultroque
915 1887 1055 1948 vocant
1067 1877 1260 1951 venientia
1272 1877 1358 1956 fata.

471 2012 637 2110 Corpore
651 2006 763 2082 missa
779 2003 865 2076 neci
881 2002 998 2076 nullis
1011 2001 1059 2078 de
1071 2029 1177 2079 more
1193 2004 1373 2082 feruntur

420 2141 634 2220 Funeribus
647 2138 682 2214 ³:
698 2164 822 2237 neque
838 2136 941 2212 enim
954 2137 1149 2234 capiebant
1160 2139 1296 2214 funem
1306 2153 1440 2239 portae.

421 2275 501 2350 Aut
513 2272 713 2347 inhumato
722 2283 903 2370 premunt
917 2282 1034 2344 terres
1051 2299 1060 2346 ε
1075 2271 1292 2348 autduntur
1303 2275 1346 2348 in
1358 2276 1464 2350 altos·

421 2405 619 2482 indotata⁴
633 2429 753 2502 rogos.
772 2403 820 2476 Et
829 2403 907 2500 jum
920 2403 1133 2476 reverentia
1145 2404 1252 2478 nulla
1267 2416 1340 2502 est,

420 2539 553 2638 Deque
568 2538 666 2636 rogis
682 2546 869 2635 pugnant,
884 2531 1092 2629 alieniswe
1105 2534 1256 2631 ignibus
1271 2533 1416 2610 ardent,

420 2671 500 2758 Qui
514 2669 741 2768 lacryment,
756 2668 894 2742 desunt
911 2695 919 2741 :
936 2663 1197 2764 indefletaeque
1209 2677 1392 2764 vagantur

422 2803 604 2879 Natarum
617 2813 861 2899 matrumque
871 2799 1026 2896 animae,
1041 2799 1305 2897 juvenumque
1314 2823 1540 2896 senumque.
1601 2821 1602 2836 ³

420 2937 497 3012 Nee
509 2936 614 3010 locus
626 2935 670 3008 in
682 2935 871 3031 tumulos,
890 2957 959 3008 nec
973 2931 1111 3006 sufficit
1122 2934 1235 3006 orbor
1247 2932 1289 3004 in
1302 2932 1415 3028 ignes.

463 3137 472 3168 ¹
495 3131 613 3209 Egra,
635 3133 710 3199 sive,
732 3131 846 3187 vitiata.
870 3131 951 3189 Nam
973 3129 1141 3206 haruspices
1150 3129 1252 3202 fibras
1271 3130 1453 3186 victimarum

420 3230 614 3304 inoricientes,
625 3227 764 3284 carebant
775 3227 862 3301 sz'gm's
870 3227 973 3301 quibus
982 3228 1195 3282 adraoniu'ones
1203 3225 1323 3282 deorum
1332 3243 1452 3301 cognos-

420 3341 530 3385 cuntur.
1220 3331 1224 3340 '

464 3427 476 3455 ¹
498 3423 679 3480 Invidiosior.
695 3423 747 3480 Cet
758 3422 879 3498 adjectis
891 3441 908 3480 a
920 3422 958 3480 ici
972 3443 1030 3481 une
1044 3424 1125 3481 force
1137 3409 1338 3498 d’expression
1351 3421 1454 3498 singu-

419 3511 500 3578 lidre.
522 3521 547 3576 11
566 3538 602 3576 ne
620 3533 691 3576 veut
710 3539 762 3594 pes
781 3522 845 3577 dire
867 3523 1004 3579 envieuse
1021 3542 1029 3578 ε
1046 3541 1086 3579 ne
1105 3541 1182 3580 vous
1201 3533 1332 3595 tromper
1347 3539 1410 3600 pes.
1430 3520 1456 3578 11

356 3636 358 3641 ·
418 3616 531 3697 signifie
542 3615 703 3690 injurieuse
717 3636 822 3674 envers
833 3619 875 3676 les
888 3618 989 3676 dieux.

463 3707 477 3747 ³
499 3715 597 3770 Nullis
612 3716 801 3791 exequiarum
820 3716 984 3776 tenoribus.
1004 3718 1086 3775 Nam
1091 3717 1190 3790 funus
1203 3729 1247 3774 est
1254 3735 1372 3792 pompa
1385 3734 1461 3772 eau-

421 3812 565 3888 quintum.

461 3907 476 3957 4
495 3912 592 3968 Nullis
601 3914 703 3970 antice's
712 3915 891 3990 etproximis
901 3932 1022 3973 inunera
1033 3919 1171 3992 quaedam
1176 3958 1188 3989 ‚
1199 3935 1250 3973 ceu
1261 3917 1373 3983 dotem,
1384 3933 1456 3971 con-

407 4013 584 4083 serentibus.
