3170 5304
403 531 474 627 174
517 545 602 604 nns
631 512 1075 600 uirsnonrnosns
1105 541 1335 630 novior,

400 703 590 803 Ingemuit
601 697 729 800 regina
741 693 875 794 Erebi,
890 704 1099 792 testemque
1110 695 1307 793 profanam

400 838 504 913 Fecit
513 861 623 913 avem
635 863 642 908 :
653 855 901 931 sparmmque
913 839 1027 927 caput
1039 826 1351 929 Phlegethontide
1361 833 1504 934 lymphl

399 969 447 1042 In
459 977 646 1061 rosum,
666 973 703 1038 et
714 961 883 1060 plumas,
899 971 937 1034 et
948 959 1105 1058 grandia
1115 962 1265 1040 lumina
1276 967 1403 1043 vertit.

397 1095 467 1170 Ille
479 1095 552 1170 sibi
565 1095 709 1169 ablatus
722 1089 839 1166 fulvis
854 1088 1032 1164 amicitur
1043 1091 1091 1166 ab
1104 1091 1173 1166 alis
1180 1123 1192 1190 3

395 1224 518 1321 Inque
528 1232 640 1321 caput
652 1219 803 1316 crescit,
821 1217 1027 1316 longosque
1039 1217 1247 1296 reflectitur
1263 1249 1426 1324 ungues,

398 1352 550 1453 Vixque
563 1363 692 1427 movet
708 1361 811 1424 natas
825 1375 894 1447 per
907 1351 1044 1426 inertia
1053 1352 1205 1429 brachis
1219 1383 1381 1461 pennas3

398 1483 587 1583 Foedaque
598 1482 643 1557 fit
658 1480 844 1577 volucris,
863 1482 1019 1553 venturi
1034 1485 1177 1558 nuncia
1190 1487 1334 1587 lacteis,

395 1611 558 1713 ignavus
569 1611 691 1708 bubo,
710 1607 841 1682 dirum
857 1608 1082 1684 mortalibus
1095 1637 1220 1689 omen.

746 1869 884 1946 XVll.
913 1873 1084 1970 Syrenas.

444 2119 533 2194 Hic
548 2131 675 2191 tamen
687 2111 830 2188 indicio
842 2139 996 2211 poenam
1007 2115 1211 2216 linguntque
1223 2119 1348 2200 videri

393 2247 668 2325 Commeruisse
683 2254 804 2343 potest
821 2272 829 2317 :
846 2244 974 2341 vobis,
989 2245 1230 2346 Acheloides,
1245 2248 1350 2323 unde

392 2377 528 2454 Pluma
539 2377 727 2478 pedesque
738 2375 889 2471 avium,
905 2375 996 2450 cum
1009 2373 1168 2474 virginis
1184 2404 1250 2452 ors
1261 2378 1419 2476 geretis?

392 2509 454 2584 An
469 2509 578 2606 quia,
592 2507 682 2579 cum
694 2505 830 2601 legeret
842 2529 980 2578 vernos
992 2503 1218 2603 Proseqsina
1231 2507 1358 2605 flores,

391 2637 438 2710 In
451 2633 633 2710 comitum
645 2651 809 2704 numero
823 2631 975 2728 mixte,
994 2632 1163 2732 Sirenes,
1182 2637 1324 2712 eratis?

390 2768 514 2855 Quam
527 2773 612 2864 post
626 2762 743 2860 quim
755 2771 838 2836 toto
849 2761 989 2836 frutra
1002 2765 1187 2861 quesistis
1200 2766 1244 2840 iu
1259 2767 1368 2865 orbe3

390 2897 569 2970 Protinus
583 2906 627 2970 ut
642 2903 806 2966 vestrum
818 2875 1005 2968 sentirent
1015 2919 1169 2991 aequora
1183 2922 1337 2997 curam,

392 3026 502 3101 Posse
517 3050 631 3123 super
646 3021 785 3096 fluctus
798 3021 945 3094 alarum
957 3021 1129 3098 insistere
1143 3023 1257 3098 remis

390 3150 555 3251 Optastis
572 3147 796 3244 :facilesque
809 3147 907 3220 Deos
920 3145 1123 3246 habuistis,
1142 3159 1181 3220 et
1191 3160 1296 3226 artus

387 3282 544 3358 Vidistis
556 3291 700 3356 vestros
714 3278 847 3354 subitis
863 3279 1062 3354 flsvmcere
1074 3282 1224 3378 pennis.

387 3414 442 3488 Ne
456 3426 583 3486 tamen
597 3410 662 3485 ille
674 3436 807 3506 canor,
824 3410 1041 3485 mulcendas
1053 3422 1166 3486 nattrs
1177 3411 1224 3486 ad
1238 3436 1363 3510 aures,

386 3539 581 3640 Tantaque
595 3539 751 3615 dosoris
767 3541 907 3639 lingere
922 3541 1143 3640 deperdemt
1158 3568 1292 3642 usum3

387 3671 557 3770 Virginei
567 3669 717 3767 vultus,
736 3682 774 3744 et
786 3697 865 3747 vox
877 3669 1045 3748 humana
1060 3673 1252 3748 remansit.

378 3773 384 3786 ι
435 3798 503 3898 At,
521 3798 669 3874 medius
681 3795 883 3898 fratrisque
896 3800 958 3874 sui
971 3799 1360 3898 moestaequesororis‚

382 3927 558 4029 luppiter
571 3957 620 4006 ex
634 3955 744 4028 aquo
760 3931 976 4010 volventem
989 3929 1130 4008 dividit
1144 3955 1304 4008 mnam.
