3218 5342
439 517 508 590 352
554 529 638 585 Lus
668 503 1103 584 usrsuonruosus
1136 526 1366 605 movrns,

436 677 707 777 Obliquantem
723 679 869 774 oculos,
885 675 994 750 nexis
1007 675 1204 751 adamante
1217 678 1379 774 catenis,

436 809 625 883 Cerberon
637 805 819 882 abstraxit
836 835 843 879 :
861 804 991 879 rabidi
1007 806 1075 902 qui
1091 806 1262 880 concitus
1279 806 1340 882 int

436 929 615 1033 Implevit
627 937 768 1034 pariter
779 935 898 1008 ternis
914 935 1111 1010 latratibus
1124 963 1254 1034 auras3

434 1065 483 1137 Et
498 1076 632 1162 sparsit
647 1063 789 1138 virides
806 1063 951 1160 spumis
963 1063 1176 1138 albentibus
1190 1089 1308 1162 agros.

435 1189 510 1263 Has
522 1190 713 1263 concresse
724 1200 861 1286 putant
868 1219 879 1285 3
892 1201 1093 1286 nactasque
1106 1190 1287 1264 alimenta
1300 1191 1430 1267 feracis

434 1317 676 1416 Fecundique
693 1318 782 1414 soli,
802 1317 903 1392 vires
920 1321 1059 1414 cepisse
1072 1318 1248 1394 nocendi.

434 1447 546 1541 Quae,
562 1445 653 1544 quia
665 1457 875 1519 nascuntur
888 1444 985 1517 durii
995 1445 1141 1519 vivacia
1154 1457 1280 1543 caute,

431 1578 599 1675 Agrestes
616 1577 762 1652 aconita
778 1583 787 1612 ¹
806 1588 953 1650 vocant.
966 1577 1024 1649 'Ea
1040 1578 1206 1675 conjugis
1222 1590 1308 1652 astu

432 1709 515 1806 ipse
528 1735 663 1806 parens
676 1708 812 1805 AEgeus
830 1719 918 1780 nato
933 1709 1123 1804 porrexit,
1141 1719 1187 1779 ut
1199 1706 1316 1780 hosti.

432 1844 624 1918 Sumserat
639 1840 765 1941 ignari
778 1841 947 1915 Theseus
963 1838 1049 1912 deta
1061 1838 1196 1934 pocula
1210 1837 1367 1934 dextri,

431 1975 528 2048 cum
545 1987 651 2072 pater
663 1975 706 2049 in
720 1975 853 2071 capulo
868 1972 981 2070 gladii
996 1972 1172 2070 cognovit
1185 1975 1334 2046 eburno

431 2105 541 2202 Signa
555 2103 616 2178 sui
631 2105 796 2203 generis,
812 2103 1034 2201 facinusque
1051 2104 1215 2202 excussit
1227 2107 1276 2177 ab
1288 2129 1356 2178 ore
1367 2111 1400 2176 ⁸:

428 2232 568 2332 Effugit
580 2235 644 2308 illa
660 2259 808 2332 necem,
826 2234 974 2307 nebulis
987 2261 1056 2332 per
1071 2233 1238 2308 carmina
1250 2235 1378 2308 motis.

495 2447 567 2521 IX.
595 2449 712 2520 Festo
729 2448 983 2546 gramiatoriu
1004 2449 1234 2517 inhonorem
1260 2446 1405 2518 Thesei.

405 2696 410 2707 x
475 2659 534 2730 Ar
547 2660 711 2756 genitor,
727 2682 958 2754 quamquam
974 2656 1123 2730 laetatur
1139 2657 1275 2753 sospite
1289 2667 1398 2750 nato3

426 2791 620 2865 Attonitus
635 2801 804 2888 tautum,
824 2791 889 2863 leti
903 2790 1123 2865 discrimine
1136 2816 1275 2888 parve,

426 2920 621 2994 Committi
635 2919 800 3017 potuisse
813 2921 935 3018 nefas,
955 2920 1058 2996 fovet
1071 2923 1221 3020 ignibus
1234 2947 1335 3018 arus,

424 3050 727 3146 Muneribusque
738 3051 835 3123 Deos
849 3051 982 3147 implet
999 3079 1006 3123 :
1023 3048 1242 3146 feriuntque
1257 3055 1403 3123 secures

425 3180 527 3253 Colla
542 3191 666 3253 torosa
677 3182 815 3278 boum,
831 3182 1051 3258 vinctorum
1065 3207 1208 3255 cornua
1219 3180 1339 3256 vittis.

467 3367 475 3396 ¹
497 3363 635 3420 Nascitur
643 3365 787 3420 aconitum
798 3365 829 3420 in
839 3365 920 3420 duris
931 3365 1061 3421 catctibus
1067 3406 1077 3434 ,
1089 3383 1164 3440 quas
1176 3381 1286 3420 aeonas
1296 3368 1415 3424 uocant,
1427 3365 1452 3408 0!
1532 3367 1533 3382 ¹

423 3461 492 3517 uide
510 3463 653 3518 aconitum
668 3461 770 3518 dixeie
776 3503 787 3532 ,
804 3465 884 3518 nullo
890 3462 982 3534 juxti:
995 3481 1032 3518 ne
1042 3464 1162 3538 pulvere
1175 3461 1291 3536 quidem
1305 3456 1451 3514 nutriente:
1532 3477 1533 3482 ¹

422 3557 463 3612 sic
473 3557 595 3614 Piim'us.
611 3557 709 3634 Aliqui
717 3559 812 3614 aliam
823 3560 947 3616 nominis
956 3560 1098 3616 rationem
1112 3559 1253 3626 attolite,
1265 3557 1400 3632 quoniam
1411 3547 1451 3603 vit

424 3655 528 3710 eadem
542 3655 572 3710 in
582 3669 702 3712 mortem
714 3669 799 3725 esset,
813 3676 881 3732 quae
890 3658 1019 3714 caucius
1029 3657 1151 3730 adferri
1159 3658 1252 3714 aciem
1261 3651 1448 3710 deterendam·
1532 3675 1533 3696 t

464 3755 476 3783 ²
495 3749 534 3807 Le
548 3752 635 3826 poete
652 3751 701 3808 eut
714 3751 758 3808 dit
771 3771 808 3808 en
821 3771 930 3827 prose,
943 3772 1088 3810 venenum
1103 3753 1142 3809 ab
1156 3751 1278 3824 oresilii
1289 3742 1447 3826 repetiuit

422 3848 556 3904 locution
569 3850 644 3907 dont
661 3851 730 3910 irre
747 3863 806 3914 sert
819 3863 861 3910 est
876 3851 1082 3931 remarquoble
1094 3871 1149 3929 par
1163 3871 1194 3910 sa
1206 3849 1352 3911 hardiesse
1364 3856 1391 3904 εἰ
1401 3855 1450 3920 Ρπ

421 3965 476 4004 son
490 3949 616 4026 energia
1442 3959 1446 3966 ·
