<?xml version="1.0" encoding="UTF-8"?>
<!DOCTYPE html PUBLIC "-//W3C//DTD XHTML 1.0 Transitional//EN"
    "http://www.w3.org/TR/xhtml1/DTD/xhtml1-transitional.dtd">
<html xmlns="http://www.w3.org/1999/xhtml" xml:lang="en" lang="en">
 <head>
  <title>
</title>
<meta http-equiv="Content-Type" content="text/html;charset=utf-8" />
  <meta name='ocr-system' content='tesseract 3.04.00' />
  <meta name='ocr-capabilities' content='ocr_page ocr_carea ocr_par ocr_line ocrx_word'/>
</head>
<body>
  <div class='ocr_page' id='page_1' title='image "./lesmtamorphoses02saingoog_0028.png"; bbox 0 0 3214 5300; ppageno 0'>
   <div class='ocr_carea' id='block_1_1' title="bbox 382 517 1299 637">
    <p class='ocr_par' dir='ltr' id='par_1_1' title="bbox 382 517 1299 637">
     <span class='ocr_line' id='line_1_1' title="bbox 382 517 1299 637; baseline 0.014 -34"><span class='ocrx_word' id='word_1_1' title='bbox 382 530 427 604; x_wconf 81' lang='lat'><strong>14</strong></span> <span class='ocrx_word' id='word_1_2' title='bbox 493 547 577 602; x_wconf 79' lang='lat' dir='ltr'><strong>aas</strong></span> <span class='ocrx_word' id='word_1_3' title='bbox 606 517 1045 604; x_wconf 73' lang='lat' dir='ltr'><strong>uirsuonruosrs</strong></span> <span class='ocrx_word' id='word_1_4' title='bbox 1074 549 1299 637; x_wconf 75' lang='lat' dir='ltr'><strong>o’ovtur,</strong></span> 
     </span>
    </p>
   </div>
   <div class='ocr_carea' id='block_1_2' title="bbox 354 683 1488 3848">
    <p class='ocr_par' dir='ltr' id='par_1_2' title="bbox 375 683 1249 802">
     <span class='ocr_line' id='line_1_2' title="bbox 375 683 1249 802; baseline 0.014 -36"><span class='ocrx_word' id='word_1_5' title='bbox 375 695 423 768; x_wconf 87' lang='lat' dir='ltr'><strong>Et</strong></span> <span class='ocrx_word' id='word_1_6' title='bbox 436 694 610 768; x_wconf 90' lang='lat' dir='ltr'><strong>scelerata</strong></span> <span class='ocrx_word' id='word_1_7' title='bbox 622 683 704 766; x_wconf 82' lang='lat' dir='ltr'><strong>fero</strong></span> <span class='ocrx_word' id='word_1_8' title='bbox 716 693 929 766; x_wconf 79' lang='lat' dir='ltr'><strong>consumite</strong></span> <span class='ocrx_word' id='word_1_9' title='bbox 943 691 1085 770; x_wconf 85' lang='lat' dir='ltr'><strong>viscera</strong></span> <span class='ocrx_word' id='word_1_10' title='bbox 1097 725 1249 802; x_wconf 87' lang='lat' dir='ltr'><strong>morsu,</strong></span> 
     </span>
    </p>

    <p class='ocr_par' dir='ltr' id='par_1_3' title="bbox 361 821 1488 2622">
     <span class='ocr_line' id='line_1_3' title="bbox 373 821 1333 927; baseline 0.013 -28"><span class='ocrx_word' id='word_1_11' title='bbox 373 830 410 902; x_wconf 92' lang='grc' dir='ltr'><strong>Ο</strong></span> <span class='ocrx_word' id='word_1_12' title='bbox 429 829 437 900; x_wconf 86' lang='lat' dir='ltr'>l</span> <span class='ocrx_word' id='word_1_13' title='bbox 454 824 688 923; x_wconf 85' lang='lat' dir='ltr'><strong>quicumque</strong></span> <span class='ocrx_word' id='word_1_14' title='bbox 705 823 776 896; x_wconf 90' lang='lat' dir='ltr'><strong>sub</strong></span> <span class='ocrx_word' id='word_1_15' title='bbox 788 821 859 895; x_wconf 90' lang='lat' dir='ltr'><strong>hac</strong></span> <span class='ocrx_word' id='word_1_16' title='bbox 871 821 1047 899; x_wconf 84' lang='lat' dir='ltr'><strong>habitatis</strong></span> <span class='ocrx_word' id='word_1_17' title='bbox 1061 851 1178 927; x_wconf 91' lang='lat' dir='ltr'><strong>rupe,</strong></span> <span class='ocrx_word' id='word_1_18' title='bbox 1197 833 1333 911; x_wconf 83' lang='lat' dir='ltr'><strong>leones.</strong></span> 
     </span>
     <span class='ocr_line' id='line_1_4' title="bbox 369 941 1366 1050; baseline 0.012 -20"><span class='ocrx_word' id='word_1_19' title='bbox 369 955 444 1030; x_wconf 79' lang='lat' dir='ltr'><strong>sed</strong></span> <span class='ocrx_word' id='word_1_20' title='bbox 458 954 586 1030; x_wconf 91' lang='lat' dir='ltr'><strong>timidi</strong></span> <span class='ocrx_word' id='word_1_21' title='bbox 600 965 655 1025; x_wconf 87' lang='lat' dir='ltr'><strong>est</strong></span> <span class='ocrx_word' id='word_1_22' title='bbox 669 941 797 1050; x_wconf 82' lang='lat' dir='ltr'><strong>optare</strong></span> <span class='ocrx_word' id='word_1_23' title='bbox 810 979 940 1030; x_wconf 88' lang='lat' dir='ltr'><strong>necem</strong></span> <span class='ocrx_word' id='word_1_24' title='bbox 959 963 981 1030; x_wconf 91' lang='lat'><strong>¹.</strong></span> <span class='ocrx_word' id='word_1_25' title='bbox 998 955 1193 1036; x_wconf 83' lang='lat' dir='ltr'><strong>Velamina</strong></span> <span class='ocrx_word' id='word_1_26' title='bbox 1206 964 1366 1042; x_wconf 82' lang='lat' dir='ltr'>Thisbes</span> 
     </span>
     <span class='ocr_line' id='line_1_5' title="bbox 369 1085 1339 1184; baseline 0.012 -22"><span class='ocrx_word' id='word_1_27' title='bbox 369 1089 505 1184; x_wconf 84' lang='lat' dir='ltr'>Tollit,</span> <span class='ocrx_word' id='word_1_28' title='bbox 521 1085 618 1161; x_wconf 82' lang='lat' dir='ltr'><strong>etad</strong></span> <span class='ocrx_word' id='word_1_29' title='bbox 633 1097 748 1184; x_wconf 71' lang='lat' dir='ltr'><strong>pacta</strong></span> <span class='ocrx_word' id='word_1_30' title='bbox 762 1112 891 1160; x_wconf 85' lang='lat' dir='ltr'><strong>secum</strong></span> <span class='ocrx_word' id='word_1_31' title='bbox 907 1087 981 1162; x_wconf 87' lang='lat' dir='ltr'><strong>fert</strong></span> <span class='ocrx_word' id='word_1_32' title='bbox 993 1091 1138 1168; x_wconf 87' lang='lat' dir='ltr'><strong>arboris</strong></span> <span class='ocrx_word' id='word_1_33' title='bbox 1151 1099 1339 1174; x_wconf 87' lang='lat' dir='ltr'><strong>umbram.</strong></span> 
     </span>
     <span class='ocr_line' id='line_1_6' title="bbox 367 1213 1353 1327; baseline 0.01 -33"><span class='ocrx_word' id='word_1_34' title='bbox 367 1215 500 1313; x_wconf 87' lang='lat' dir='ltr'><strong>thue</strong></span> <span class='ocrx_word' id='word_1_35' title='bbox 512 1213 618 1289; x_wconf 89' lang='lat' dir='ltr'><strong>dedit</strong></span> <span class='ocrx_word' id='word_1_36' title='bbox 631 1227 731 1288; x_wconf 80' lang='lat' dir='ltr'><strong>notae</strong></span> <span class='ocrx_word' id='word_1_37' title='bbox 745 1216 945 1314; x_wconf 79' lang='lat' dir='ltr'>lacrymas,</span> <span class='ocrx_word' id='word_1_38' title='bbox 960 1219 1064 1294; x_wconf 86' lang='lat' dir='ltr'><strong>dedit</strong></span> <span class='ocrx_word' id='word_1_39' title='bbox 1079 1226 1223 1323; x_wconf 88' lang='lat' dir='ltr'><strong>oscula,</strong></span> <span class='ocrx_word' id='word_1_40' title='bbox 1238 1232 1353 1327; x_wconf 64' lang='lat' dir='ltr'><strong>t‘esti;</strong></span> 
     </span>
     <span class='ocr_line' id='line_1_7' title="bbox 367 1343 1488 1456; baseline 0.016 -33"><span class='ocrx_word' id='word_1_41' title='bbox 367 1345 508 1446; x_wconf 81' lang='lat' dir='ltr'><strong>¹Accipe</strong></span> <span class='ocrx_word' id='word_1_42' title='bbox 516 1372 622 1420; x_wconf 92' lang='lat' dir='ltr'><strong>nunc</strong></span> <span class='ocrx_word' id='word_1_43' title='bbox 628 1343 795 1444; x_wconf 42' lang='lat' dir='ltr'><strong>Linquit,</strong></span> <span class='ocrx_word' id='word_1_44' title='bbox 812 1353 932 1436; x_wconf 78' lang='lat' dir='ltr'><strong>nostri</strong></span> <span class='ocrx_word' id='word_1_45' title='bbox 943 1378 1095 1452; x_wconf 92' lang='lat' dir='ltr'><strong>quoque</strong></span> <span class='ocrx_word' id='word_1_46' title='bbox 1104 1361 1295 1456; x_wconf 79' lang='lat' dir='ltr'><strong>sanguinis</strong></span> <span class='ocrx_word' id='word_1_47' title='bbox 1308 1363 1469 1440; x_wconf 85' lang='lat' dir='ltr'><strong>haustus</strong></span> <span class='ocrx_word' id='word_1_48' title='bbox 1479 1397 1488 1440; x_wconf 81' lang='lat' dir='ltr'>z</span> 
     </span>
     <span class='ocr_line' id='line_1_8' title="bbox 368 1479 1336 1578; baseline 0.017 -25"><span class='ocrx_word' id='word_1_49' title='bbox 368 1481 533 1578; x_wconf 78' lang='lat' dir='ltr'><strong>Quoque</strong></span> <span class='ocrx_word' id='word_1_50' title='bbox 546 1489 625 1552; x_wconf 83' lang='lat' dir='ltr'><strong>erat</strong></span> <span class='ocrx_word' id='word_1_51' title='bbox 640 1479 846 1576; x_wconf 85' lang='lat' dir='ltr'><strong>accinctus,</strong></span> <span class='ocrx_word' id='word_1_52' title='bbox 862 1480 1030 1556; x_wconf 84' lang='lat' dir='ltr'><strong>demittit</strong></span> <span class='ocrx_word' id='word_1_53' title='bbox 1042 1487 1084 1558; x_wconf 91' lang='lat' dir='ltr'><strong>in</strong></span> <span class='ocrx_word' id='word_1_54' title='bbox 1099 1489 1165 1562; x_wconf 89' lang='lat' dir='ltr'><strong>ilia</strong></span> <span class='ocrx_word' id='word_1_55' title='bbox 1179 1491 1336 1568; x_wconf 59' lang='lat' dir='ltr'><strong>ferrum}</strong></span> 
     </span>
     <span class='ocr_line' id='line_1_9' title="bbox 367 1607 1306 1698; baseline 0.016 -15"><span class='ocrx_word' id='word_1_56' title='bbox 367 1610 445 1684; x_wconf 89' lang='lat' dir='ltr'><strong>Nec</strong></span> <span class='ocrx_word' id='word_1_57' title='bbox 457 1635 564 1684; x_wconf 82' lang='lat' dir='ltr'><strong>mom</strong></span> <span class='ocrx_word' id='word_1_58' title='bbox 578 1636 587 1681; x_wconf 91' lang='lat'>:</span> <span class='ocrx_word' id='word_1_59' title='bbox 602 1607 766 1681; x_wconf 84' lang='lat' dir='ltr'><strong>ferventi</strong></span> <span class='ocrx_word' id='word_1_60' title='bbox 782 1611 950 1684; x_wconf 85' lang='lat' dir='ltr'><strong>moriens</strong></span> <span class='ocrx_word' id='word_1_61' title='bbox 967 1613 1163 1695; x_wconf 78' lang='lat' dir='ltr'><strong>evulnere</strong></span> <span class='ocrx_word' id='word_1_62' title='bbox 1178 1623 1306 1698; x_wconf 79' lang='lat' dir='ltr'><strong>traxit.</strong></span> 
     </span>
     <span class='ocr_line' id='line_1_10' title="bbox 368 1741 1295 1852; baseline 0.015 -37"><span class='ocrx_word' id='word_1_63' title='bbox 368 1741 421 1817; x_wconf 89' lang='lat' dir='ltr'><strong>Ut</strong></span> <span class='ocrx_word' id='word_1_64' title='bbox 435 1743 551 1840; x_wconf 90' lang='lat' dir='ltr'><strong>jacuit</strong></span> <span class='ocrx_word' id='word_1_65' title='bbox 566 1741 769 1838; x_wconf 87' lang='lat' dir='ltr'><strong>resupinus</strong></span> <span class='ocrx_word' id='word_1_66' title='bbox 783 1741 914 1840; x_wconf 85' lang='lat' dir='ltr'><strong>humi,</strong></span> <span class='ocrx_word' id='word_1_67' title='bbox 930 1771 1044 1821; x_wconf 88' lang='lat' dir='ltr'><strong>cruor</strong></span> <span class='ocrx_word' id='word_1_68' title='bbox 1057 1749 1190 1826; x_wconf 84' lang='lat' dir='ltr'><strong>emicat</strong></span> <span class='ocrx_word' id='word_1_69' title='bbox 1205 1757 1295 1852; x_wconf 77' lang='lat' dir='ltr'><strong>alte3</strong></span> 
     </span>
     <span class='ocr_line' id='line_1_11' title="bbox 366 1859 1285 1977; baseline 0.014 -32"><span class='ocrx_word' id='word_1_70' title='bbox 366 1872 453 1946; x_wconf 91' lang='lat' dir='ltr'><strong>Non</strong></span> <span class='ocrx_word' id='word_1_71' title='bbox 465 1871 593 1966; x_wconf 82' lang='lat' dir='ltr'><strong>aliter,</strong></span> <span class='ocrx_word' id='word_1_72' title='bbox 609 1869 726 1966; x_wconf 74' lang='lat' dir='ltr'><strong>quim</strong></span> <span class='ocrx_word' id='word_1_73' title='bbox 740 1871 832 1961; x_wconf 47' lang='lat' dir='ltr'><strong>cum,</strong></span> <span class='ocrx_word' id='word_1_74' title='bbox 844 1873 977 1945; x_wconf 87' lang='lat' dir='ltr'><strong>vitiato</strong></span> <span class='ocrx_word' id='word_1_75' title='bbox 990 1859 1115 1951; x_wconf 79' lang='lat' dir='ltr'><strong>fismla</strong></span> <span class='ocrx_word' id='word_1_76' title='bbox 1128 1881 1285 1977; x_wconf 91' lang='lat' dir='ltr'><strong>plumbo</strong></span> 
     </span>
     <span class='ocr_line' id='line_1_12' title="bbox 364 1972 1337 2108; baseline 0.013 -36"><span class='ocrx_word' id='word_1_77' title='bbox 364 1998 580 2094; x_wconf 75' lang='lat' dir='ltr'><strong>Scinditur,</strong></span> <span class='ocrx_word' id='word_1_78' title='bbox 597 2010 635 2070; x_wconf 92' lang='lat' dir='ltr'><strong>et</strong></span> <span class='ocrx_word' id='word_1_79' title='bbox 647 2009 799 2095; x_wconf 81' lang='lat' dir='ltr'><strong>tenues,</strong></span> <span class='ocrx_word' id='word_1_80' title='bbox 818 1972 999 2075; x_wconf 89' lang='lat' dir='ltr'><strong>stridente</strong></span> <span class='ocrx_word' id='word_1_81' title='bbox 1014 2003 1215 2104; x_wconf 82' lang='lat' dir='ltr'><strong>foramine,</strong></span> <span class='ocrx_word' id='word_1_82' title='bbox 1229 2011 1337 2108; x_wconf 78' lang='lat' dir='ltr'><strong>longe</strong></span> 
     </span>
     <span class='ocr_line' id='line_1_13' title="bbox 363 2131 1293 2238; baseline 0.012 -34"><span class='ocrx_word' id='word_1_83' title='bbox 363 2131 581 2229; x_wconf 88' lang='lat' dir='ltr'><strong>Ejaculatur</strong></span> <span class='ocrx_word' id='word_1_84' title='bbox 599 2153 731 2226; x_wconf 84' lang='lat' dir='ltr'><strong>aquas3</strong></span> <span class='ocrx_word' id='word_1_85' title='bbox 748 2141 861 2226; x_wconf 89' lang='lat' dir='ltr'><strong>atque</strong></span> <span class='ocrx_word' id='word_1_86' title='bbox 881 2132 1019 2206; x_wconf 83' lang='lat' dir='ltr'><strong>ictibus</strong></span> <span class='ocrx_word' id='word_1_87' title='bbox 1036 2161 1121 2210; x_wconf 87' lang='lat' dir='ltr'><strong>aera</strong></span> <span class='ocrx_word' id='word_1_88' title='bbox 1135 2141 1293 2238; x_wconf 87' lang='lat' dir='ltr'><strong>rumpit.</strong></span> 
     </span>
     <span class='ocr_line' id='line_1_14' title="bbox 362 2264 1167 2370; baseline 0.004 -29"><span class='ocrx_word' id='word_1_89' title='bbox 362 2265 525 2342; x_wconf 82' lang='lat' dir='ltr'><strong>Arborei</strong></span> <span class='ocrx_word' id='word_1_90' title='bbox 537 2264 652 2370; x_wconf 74' lang='lat' dir='ltr'><strong>foetus</strong></span> <span class='ocrx_word' id='word_1_91' title='bbox 664 2265 857 2361; x_wconf 83' lang='lat' dir='ltr'><strong>aspergine</strong></span> <span class='ocrx_word' id='word_1_92' title='bbox 869 2265 980 2338; x_wconf 82' lang='lat' dir='ltr'><strong>caedis</strong></span> <span class='ocrx_word' id='word_1_93' title='bbox 993 2268 1036 2340; x_wconf 93' lang='lat' dir='ltr'><strong>in</strong></span> <span class='ocrx_word' id='word_1_94' title='bbox 1049 2281 1167 2344; x_wconf 81' lang='lat' dir='ltr'><strong>atram</strong></span> 
     </span>
     <span class='ocr_line' id='line_1_15' title="bbox 361 2391 1365 2495; baseline 0.008 -27"><span class='ocrx_word' id='word_1_95' title='bbox 361 2395 578 2470; x_wconf 68' lang='lat' dir='ltr'><strong>vertuntur</strong></span> <span class='ocrx_word' id='word_1_96' title='bbox 593 2393 727 2468; x_wconf 83' lang='lat' dir='ltr'><strong>faciem</strong></span> <span class='ocrx_word' id='word_1_97' title='bbox 745 2419 752 2465; x_wconf 95' lang='lat'><strong>:</strong></span> <span class='ocrx_word' id='word_1_98' title='bbox 768 2391 1047 2489; x_wconf 81' lang='lat' dir='ltr'><strong>madefactaque</strong></span> <span class='ocrx_word' id='word_1_99' title='bbox 1061 2398 1241 2495; x_wconf 84' lang='lat' dir='ltr'><strong>sanguine</strong></span> <span class='ocrx_word' id='word_1_100' title='bbox 1253 2401 1365 2476; x_wconf 79' lang='lat' dir='ltr'><strong>radix</strong></span> 
     </span>
     <span class='ocr_line' id='line_1_16' title="bbox 361 2522 1135 2622; baseline 0.004 -21"><span class='ocrx_word' id='word_1_101' title='bbox 361 2527 530 2601; x_wconf 85' lang='lat' dir='ltr'><strong>Puniceo</strong></span> <span class='ocrx_word' id='word_1_102' title='bbox 541 2524 654 2622; x_wconf 82' lang='lat' dir='ltr'><strong>tingit</strong></span> <span class='ocrx_word' id='word_1_103' title='bbox 665 2522 870 2621; x_wconf 82' lang='lat' dir='ltr'><strong>pendentia</strong></span> <span class='ocrx_word' id='word_1_104' title='bbox 882 2549 989 2599; x_wconf 86' lang='lat' dir='ltr'><strong>mora</strong></span> <span class='ocrx_word' id='word_1_105' title='bbox 1002 2528 1135 2605; x_wconf 91' lang='lat' dir='ltr'><strong>colore.</strong></span> 
     </span>
    </p>

    <p class='ocr_par' dir='ltr' id='par_1_4' title="bbox 354 2651 1459 3673">
     <span class='ocr_line' id='line_1_17' title="bbox 412 2651 1392 2760; baseline 0.008 -30"><span class='ocrx_word' id='word_1_106' title='bbox 412 2657 524 2750; x_wconf 86' lang='lat' dir='ltr'><strong>Ecce,</strong></span> <span class='ocrx_word' id='word_1_107' title='bbox 538 2665 644 2729; x_wconf 87' lang='lat' dir='ltr'><strong>metu</strong></span> <span class='ocrx_word' id='word_1_108' title='bbox 657 2651 832 2727; x_wconf 91' lang='lat' dir='ltr'><strong>nondum</strong></span> <span class='ocrx_word' id='word_1_109' title='bbox 848 2653 989 2752; x_wconf 87' lang='lat' dir='ltr'><strong>posito,</strong></span> <span class='ocrx_word' id='word_1_110' title='bbox 1009 2683 1058 2730; x_wconf 91' lang='lat' dir='ltr'><strong>ne</strong></span> <span class='ocrx_word' id='word_1_111' title='bbox 1070 2655 1172 2733; x_wconf 84' lang='lat' dir='ltr'><strong>fallat</strong></span> <span class='ocrx_word' id='word_1_112' title='bbox 1187 2675 1392 2760; x_wconf 87' lang='lat' dir='ltr'><strong>amantem,</strong></span> 
     </span>
     <span class='ocr_line' id='line_1_18' title="bbox 361 2783 1404 2894; baseline 0.009 -34"><span class='ocrx_word' id='word_1_113' title='bbox 361 2787 430 2860; x_wconf 88' lang='lat' dir='ltr'><strong>llla</strong></span> <span class='ocrx_word' id='word_1_114' title='bbox 441 2783 541 2859; x_wconf 90' lang='lat' dir='ltr'><strong>redit</strong></span> <span class='ocrx_word' id='word_1_115' title='bbox 558 2787 837 2883; x_wconf 86' lang='lat' dir='ltr'><strong>:juvenemque</strong></span> <span class='ocrx_word' id='word_1_116' title='bbox 851 2787 970 2860; x_wconf 87' lang='lat' dir='ltr'><strong>oculis</strong></span> <span class='ocrx_word' id='word_1_117' title='bbox 979 2847 990 2885; x_wconf 89' lang='lat'>‚</span> <span class='ocrx_word' id='word_1_118' title='bbox 1009 2789 1212 2890; x_wconf 90' lang='lat' dir='ltr'><strong>animoque</strong></span> <span class='ocrx_word' id='word_1_119' title='bbox 1225 2795 1404 2894; x_wconf 87' lang='lat' dir='ltr'><strong>requirit3</strong></span> 
     </span>
     <span class='ocr_line' id='line_1_19' title="bbox 360 2915 1316 3021; baseline 0.006 -28"><span class='ocrx_word' id='word_1_120' title='bbox 360 2923 588 3017; x_wconf 81' lang='lat' dir='ltr'><strong>Quantaque</strong></span> <span class='ocrx_word' id='word_1_121' title='bbox 601 2917 733 2994; x_wconf 81' lang='lat' dir='ltr'><strong>vitarit</strong></span> <span class='ocrx_word' id='word_1_122' title='bbox 749 2945 904 2993; x_wconf 79' lang='lat' dir='ltr'><strong>narrare</strong></span> <span class='ocrx_word' id='word_1_123' title='bbox 917 2921 1085 3018; x_wconf 86' lang='lat' dir='ltr'><strong>pericula</strong></span> <span class='ocrx_word' id='word_1_124' title='bbox 1100 2924 1220 3021; x_wconf 86' lang='lat' dir='ltr'><strong>gestit.</strong></span> <span class='ocrx_word' id='word_1_125' title='bbox 1313 2915 1316 2922; x_wconf 67' lang='grc'><strong>’</strong></span> 
     </span>
     <span class='ocr_line' id='line_1_20' title="bbox 360 3049 1459 3156; baseline 0.009 -34"><span class='ocrx_word' id='word_1_126' title='bbox 360 3049 488 3146; x_wconf 91' lang='lat' dir='ltr'><strong>thue</strong></span> <span class='ocrx_word' id='word_1_127' title='bbox 503 3050 648 3144; x_wconf 86' lang='lat' dir='ltr'><strong>locum,</strong></span> <span class='ocrx_word' id='word_1_128' title='bbox 668 3062 707 3122; x_wconf 93' lang='lat' dir='ltr'><strong>et</strong></span> <span class='ocrx_word' id='word_1_129' title='bbox 722 3075 871 3124; x_wconf 81' lang='lat' dir='ltr'><strong>versam</strong></span> <span class='ocrx_word' id='word_1_130' title='bbox 884 3053 1061 3148; x_wconf 86' lang='lat' dir='ltr'><strong>cognovit</strong></span> <span class='ocrx_word' id='word_1_131' title='bbox 1076 3053 1118 3127; x_wconf 90' lang='lat' dir='ltr'><strong>in</strong></span> <span class='ocrx_word' id='word_1_132' title='bbox 1132 3058 1266 3132; x_wconf 89' lang='lat' dir='ltr'><strong>arbore</strong></span> <span class='ocrx_word' id='word_1_133' title='bbox 1279 3056 1440 3132; x_wconf 88' lang='lat' dir='ltr'><strong>formam</strong></span> <span class='ocrx_word' id='word_1_134' title='bbox 1448 3090 1459 3156; x_wconf 79' lang='lat'>3</span> 
     </span>
     <span class='ocr_line' id='line_1_21' title="bbox 359 3175 1386 3278; baseline 0.008 -28"><span class='ocrx_word' id='word_1_135' title='bbox 359 3177 444 3276; x_wconf 90' lang='lat' dir='ltr'><strong>(Sic</strong></span> <span class='ocrx_word' id='word_1_136' title='bbox 455 3175 544 3250; x_wconf 83' lang='lat' dir='ltr'><strong>facit</strong></span> <span class='ocrx_word' id='word_1_137' title='bbox 556 3175 739 3250; x_wconf 84' lang='lat' dir='ltr'><strong>incertam</strong></span> <span class='ocrx_word' id='word_1_138' title='bbox 751 3178 856 3274; x_wconf 92' lang='lat' dir='ltr'><strong>pomi</strong></span> <span class='ocrx_word' id='word_1_139' title='bbox 873 3178 999 3276; x_wconf 90' lang='lat' dir='ltr'><strong>color)</strong></span> <span class='ocrx_word' id='word_1_140' title='bbox 1011 3178 1149 3278; x_wconf 71' lang='lat' dir='ltr'><strong>haeret,</strong></span> <span class='ocrx_word' id='word_1_141' title='bbox 1164 3207 1214 3255; x_wconf 86' lang='lat' dir='ltr'><strong>an</strong></span> <span class='ocrx_word' id='word_1_142' title='bbox 1230 3183 1312 3258; x_wconf 85' lang='lat' dir='ltr'><strong>haec</strong></span> <span class='ocrx_word' id='word_1_143' title='bbox 1325 3184 1386 3258; x_wconf 88' lang='lat' dir='ltr'><strong>sit.</strong></span> 
     </span>
     <span class='ocr_line' id='line_1_22' title="bbox 358 3304 1403 3407; baseline 0.004 -23"><span class='ocrx_word' id='word_1_144' title='bbox 358 3309 465 3384; x_wconf 91' lang='lat' dir='ltr'><strong>Dum</strong></span> <span class='ocrx_word' id='word_1_145' title='bbox 476 3305 643 3402; x_wconf 85' lang='lat' dir='ltr'><strong>dubitat,</strong></span> <span class='ocrx_word' id='word_1_146' title='bbox 658 3304 909 3382; x_wconf 84' lang='lat' dir='ltr'><strong>tremebunda</strong></span> <span class='ocrx_word' id='word_1_147' title='bbox 920 3308 1026 3383; x_wconf 84' lang='lat' dir='ltr'><strong>videt</strong></span> <span class='ocrx_word' id='word_1_148' title='bbox 1038 3311 1187 3407; x_wconf 86' lang='lat' dir='ltr'><strong>pulsare</strong></span> <span class='ocrx_word' id='word_1_149' title='bbox 1200 3326 1403 3388; x_wconf 80' lang='lat' dir='ltr'><strong>cruentum</strong></span> 
     </span>
     <span class='ocr_line' id='line_1_23' title="bbox 357 3436 1423 3541; baseline 0.004 -26"><span class='ocrx_word' id='word_1_150' title='bbox 357 3437 527 3515; x_wconf 85' lang='lat' dir='ltr'><strong>Membra</strong></span> <span class='ocrx_word' id='word_1_151' title='bbox 539 3437 681 3534; x_wconf 88' lang='lat' dir='ltr'><strong>solum,</strong></span> <span class='ocrx_word' id='word_1_152' title='bbox 696 3439 873 3535; x_wconf 70' lang='lat' dir='ltr'><strong>retroque</strong></span> <span class='ocrx_word' id='word_1_153' title='bbox 886 3436 1020 3536; x_wconf 80' lang='lat' dir='ltr'><strong>perlem</strong></span> <span class='ocrx_word' id='word_1_154' title='bbox 1033 3440 1125 3514; x_wconf 92' lang='lat' dir='ltr'><strong>tulit</strong></span> <span class='ocrx_word' id='word_1_155' title='bbox 1142 3471 1149 3516; x_wconf 93' lang='lat'><strong>:</strong></span> <span class='ocrx_word' id='word_1_156' title='bbox 1165 3468 1306 3541; x_wconf 90' lang='lat' dir='ltr'><strong>oraque</strong></span> <span class='ocrx_word' id='word_1_157' title='bbox 1317 3445 1423 3518; x_wconf 86' lang='lat' dir='ltr'><strong>buxo</strong></span> 
     </span>
     <span class='ocr_line' id='line_1_24' title="bbox 354 3565 1285 3673; baseline 0.009 -31"><span class='ocrx_word' id='word_1_158' title='bbox 354 3565 556 3642; x_wconf 85' lang='lat' dir='ltr'><strong>Pallidiora</strong></span> <span class='ocrx_word' id='word_1_159' title='bbox 571 3593 719 3666; x_wconf 82' lang='lat' dir='ltr'><strong>gerens,</strong></span> <span class='ocrx_word' id='word_1_160' title='bbox 736 3569 956 3669; x_wconf 79' lang='lat' dir='ltr'><strong>exhonuit,</strong></span> <span class='ocrx_word' id='word_1_161' title='bbox 974 3573 1137 3667; x_wconf 73' lang='lat' dir='ltr'><strong>equoris</strong></span> <span class='ocrx_word' id='word_1_162' title='bbox 1151 3572 1285 3673; x_wconf 87' lang='lat' dir='ltr'><strong>instar,</strong></span> 
     </span>
    </p>

    <p class='ocr_par' dir='ltr' id='par_1_5' title="bbox 400 3764 1394 3848">
     <span class='ocr_line' id='line_1_25' title="bbox 400 3764 1394 3848; baseline 0.01 -26"><span class='ocrx_word' id='word_1_163' title='bbox 400 3765 411 3797; x_wconf 84' lang='lat'><em>¹</em></span> <span class='ocrx_word' id='word_1_164' title='bbox 431 3764 649 3842; x_wconf 69' lang='lat' dir='ltr'><strong>campenses,</strong></span> <span class='ocrx_word' id='word_1_165' title='bbox 664 3764 760 3840; x_wconf 81' lang='lat' dir='ltr'><strong>pleine</strong></span> <span class='ocrx_word' id='word_1_166' title='bbox 775 3766 849 3824; x_wconf 89' lang='lat' dir='ltr'><strong>d&#39;nn</strong></span> <span class='ocrx_word' id='word_1_167' title='bbox 862 3764 1052 3843; x_wconf 74' lang='lat' dir='ltr'><strong>grandaeua,</strong></span> <span class='ocrx_word' id='word_1_168' title='bbox 1065 3778 1109 3824; x_wconf 86' lang='lat' dir='ltr'><strong>est</strong></span> <span class='ocrx_word' id='word_1_169' title='bbox 1124 3767 1201 3828; x_wconf 78' lang='lat' dir='ltr'><strong>sorte</strong></span> <span class='ocrx_word' id='word_1_170' title='bbox 1213 3770 1250 3828; x_wconf 85' lang='lat' dir='ltr'><strong>de</strong></span> <span class='ocrx_word' id='word_1_171' title='bbox 1267 3791 1322 3830; x_wconf 79' lang='lat' dir='ltr'><strong>son</strong></span> <span class='ocrx_word' id='word_1_172' title='bbox 1334 3792 1394 3848; x_wconf 83' lang='lat' dir='ltr'><strong>pen</strong></span> 
     </span>
    </p>
   </div>
   <div class='ocr_carea' id='block_1_3' title="bbox 355 3861 1394 4038">
    <p class='ocr_par' dir='ltr' id='par_1_6' title="bbox 355 3861 1394 4038">
     <span class='ocr_line' id='line_1_26' title="bbox 355 3861 1394 3942; baseline 0.006 -19"><span class='ocrx_word' id='word_1_173' title='bbox 355 3863 393 3923; x_wconf 87' lang='lat' dir='ltr'><strong>de</strong></span> <span class='ocrx_word' id='word_1_174' title='bbox 406 3866 533 3942; x_wconf 73' lang='lat' dir='ltr'><strong>prcoles.</strong></span> <span class='ocrx_word' id='word_1_175' title='bbox 546 3863 626 3920; x_wconf 84' lang='lat' dir='ltr'><strong>Telle</strong></span> <span class='ocrx_word' id='word_1_176' title='bbox 642 3874 686 3920; x_wconf 85' lang='lat' dir='ltr'><strong>est</strong></span> <span class='ocrx_word' id='word_1_177' title='bbox 698 3861 773 3920; x_wconf 80' lang='lat' dir='ltr'><strong>dans</strong></span> <span class='ocrx_word' id='word_1_178' title='bbox 785 3865 884 3924; x_wconf 79' lang='lat' dir='ltr'><strong>Tacite</strong></span> <span class='ocrx_word' id='word_1_179' title='bbox 897 3864 925 3920; x_wconf 78' lang='lat' dir='ltr'><strong>la</strong></span> <span class='ocrx_word' id='word_1_180' title='bbox 937 3866 1042 3940; x_wconf 73' lang='lat' dir='ltr'><strong>penses</strong></span> <span class='ocrx_word' id='word_1_181' title='bbox 1055 3863 1189 3927; x_wconf 84' lang='lat' dir='ltr'><strong>d’Othou</strong></span> <span class='ocrx_word' id='word_1_182' title='bbox 1201 3869 1362 3932; x_wconf 72' lang='lat' dir='ltr'><strong>determine</strong></span> <span class='ocrx_word' id='word_1_183' title='bbox 1375 3873 1394 3930; x_wconf 73' lang='lat' dir='ltr'><strong>d</strong></span> 
     </span>
     <span class='ocr_line' id='line_1_27' title="bbox 355 3961 1162 4038; baseline -0.001 -17"><span class='ocrx_word' id='word_1_184' title='bbox 355 3961 483 4022; x_wconf 81' lang='lat' dir='ltr'><strong>maurit.</strong></span> <span class='ocrx_word' id='word_1_185' title='bbox 497 3963 590 4022; x_wconf 81' lang='lat' dir='ltr'><strong>Plura</strong></span> <span class='ocrx_word' id='word_1_186' title='bbox 601 3963 640 4022; x_wconf 79' lang='lat' dir='ltr'><strong>dc</strong></span> <span class='ocrx_word' id='word_1_187' title='bbox 652 3963 788 4021; x_wconf 69' lang='lat' dir='ltr'><strong>cauernis</strong></span> <span class='ocrx_word' id='word_1_188' title='bbox 799 3963 882 4037; x_wconf 80' lang='lat' dir='ltr'><strong>loqui</strong></span> <span class='ocrx_word' id='word_1_189' title='bbox 885 3979 963 4038; x_wconf 81' lang='lat' dir='ltr'><strong>pars</strong></span> <span class='ocrx_word' id='word_1_190' title='bbox 974 3962 1098 4036; x_wconf 65' lang='grc' dir='ltr'><strong>ι’ςηανίω</strong></span> <span class='ocrx_word' id='word_1_191' title='bbox 1110 3977 1162 4022; x_wconf 81' lang='lat' dir='ltr'><strong>est.</strong></span> 
     </span>
    </p>
   </div>
   <div class='ocr_carea' id='block_1_4' title="bbox 0 0 1612 5300">
    <p class='ocr_par' dir='ltr' id='par_1_7' title="bbox 0 0 1612 5300">
     <span class='ocr_line' id='line_1_28' title="bbox 0 0 1612 5300; baseline 0 7"><span class='ocrx_word' id='word_1_192' title='bbox 0 0 1612 5300; x_wconf 95' lang='lat' dir='ltr'><strong> </strong></span> 
     </span>
    </p>
   </div>
  </div>
 </body>
</html>
