3210 5324
399 541 471 616 254
514 557 597 614 uns
628 521 1072 611 niranournoss's
1102 549 1328 632 n’ovmn,

396 701 491 774 Nam
505 713 611 798 pater
623 696 838 797 Amphion,
856 693 958 770 ferro
972 720 1041 792 per
1053 707 1185 793 pectus
1200 696 1349 798 adacto,

396 832 563 905 Finierat
575 830 743 904 moriens
757 826 899 925 pariter
911 851 1002 900 omn
1019 826 1104 900 luce
1115 824 1299 903 dolorem.

444 959 551 1033 Heu!
572 969 761 1056 quantum
774 955 856 1028 hacc
869 953 989 1028 Niobe
1001 952 1122 1028 Niobe
1133 951 1294 1028 distabat
1306 954 1354 1027 ab
1363 953 1449 1054 illa,

398 1089 494 1178 Qua
507 1090 621 1164 modo
633 1089 758 1162 Latois
771 1085 960 1184 populum
974 1087 1218 1160 submoverat
1233 1087 1329 1160 arist

397 1219 447 1294 Et
462 1219 627 1294 mediam
639 1217 779 1291 tulerat
792 1239 938 1313 gressus
954 1214 1134 1312 resupina
1150 1239 1219 1314 per
1231 1219 1388 1315 urbem,

397 1347 594 1424 invidiosa
608 1345 706 1420 suis!
725 1357 764 1419 at
776 1369 883 1418 nunc
898 1341 1111 1418 miseranda
1122 1343 1186 1418 vel
1199 1344 1313 1421 hosti.

398 1483 631 1579 Corporibus
648 1480 779 1579 gelidis
793 1477 984 1553 incumbit
1002 1505 1009 1551 :
1026 1489 1064 1551 et
1080 1475 1214 1551 oniine
1226 1479 1336 1553 nullo

398 1614 537 1690 Oscula
552 1612 744 1710 dispensat
762 1623 868 1686 natos
886 1637 1062 1709 suprema
1074 1634 1143 1708 per
1158 1621 1301 1691 omnes.

397 1741 431 1816 A
447 1742 589 1838 quibus
602 1741 649 1816 ad
663 1741 805 1817 coelurn
819 1742 977 1817 liventia
989 1740 1144 1816 brachia
1157 1743 1336 1840 tendens,

397 1873 571 1970 Poscere,
587 1871 772 1969 crudelis,
789 1887 937 1971 nostro,
953 1875 1096 1948 Latona
1105 1932 1116 1971 ,
1131 1874 1281 1950 dolore:

371 2057 376 2090 .
395 2006 569 2103 Poscere,
589 2006 659 2104 ait,
678 2007 844 2104 satiaque
857 2031 943 2082 meo
957 2021 1026 2082 tua
1037 2020 1189 2105 pectora
1202 2009 1330 2083 luctu:

397 2137 546 2232 Corque
564 2133 690 2209 ferum
705 2135 816 2232 satia,
831 2133 943 2210 dixit.
961 2137 1035 2210 Per
1046 2136 1180 2210 funera
1193 2150 1336 2234 septem

396 2266 542 2342 Efferor
562 2296 570 2341 :
587 2267 753 2365 exsulta,
770 2267 989 2365 victrixque
1000 2267 1157 2342 inimica
1171 2267 1382 2368 triumpha.

397 2399 476 2472 Cur
488 2413 617 2473 autem
633 2399 802 2474 victrix?
818 2400 967 2474 miserae
983 2397 1204 2496 mibiplura
1217 2411 1440 2495 supersunt,

397 2529 524 2616 Quam
536 2530 607 2604 tibi
620 2530 722 2604 felici
739 2541 848 2627 :post
863 2540 920 2602 tot
932 2551 1087 2626 quoque
1101 2525 1236 2602 funera
1246 2527 1371 2600 vinco.

445 2659 605 2733 Dixerat
622 2687 630 2732 :
646 2659 821 2734 insonuit
834 2670 1013 2732 contento
1025 2683 1170 2732 nervus
1184 2660 1231 2732 ab
1246 2681 1359 2754 arcu,

396 2790 497 2888 Qui,
512 2802 652 2887 praeter
665 2790 813 2865 Nioben
827 2813 964 2887 unam,
980 2783 1193 2865 conterruit
1207 2813 1350 2865 omnes.

347 2910 349 2924 ¹
395 2917 464 2996 llla
478 2920 577 2993 malo
593 2931 648 2993 est
660 2918 787 2992 audax
805 2947 813 2993 ε
831 2919 979 2993 stabant
994 2944 1084 2992 cum
1101 2919 1271 2992 vestibus
1284 2915 1376 2991 atris

397 3049 497 3124 Ante
511 3060 613 3122 toros
627 3046 791 3122 fratrum
805 3049 967 3122 demisso
980 3050 1085 3123 crine
1101 3073 1258 3124 sorores.

397 3183 428 3256 E
443 3182 584 3280 quibus
597 3207 695 3278 una,
714 3181 869 3256 trahens
885 3182 1070 3258 haerentia
1083 3182 1227 3258 viscere
1239 3179 1332 3276 tela,

397 3315 580 3411 Imposito
593 3311 721 3408 fratri,
740 3312 970 3388 moribunda
983 3313 1169 3410 relanguit
1183 3337 1260 3385 ore.

402 3445 547 3542 Altera,
567 3443 679 3518 solari
696 3442 873 3518 miseram
887 3457 1019 3520 conato
1031 3455 1243 3541 parentem,

396 3577 593 3652 Conticuit
607 3577 752 3676 subito,
771 3577 1036 3675 duplicataque
1049 3577 1211 3650 vulnere
1225 3597 1323 3647 caeco
1335 3583 1412 3644 est:

400 3711 553 3806 Oraque
567 3735 645 3782 non
660 3709 812 3806 pressit,
829 3708 905 3782 nisi
919 3719 1004 3806 post
1018 3707 1134 3805 quim
1149 3704 1305 3802 spiritus
1318 3701 1411 3777 enit.

400 3839 489 3914 Haec
504 3837 646 3914 frustra
657 3837 805 3936 fugiens
818 3838 1034 3937 collabitur3
1050 3839 1115 3914 illa
1132 3835 1252 3913 sorori

399 3969 623 4045 immoritur
641 3998 648 4045 :
663 3970 754 4046 latet
766 3969 848 4046 haec
856 4001 868 4069 3
888 3969 992 4045 illam
1005 3967 1192 4068 trepidare
1207 3963 1357 4039 videres
