3178 5312
444 560 492 636 80
559 571 642 630 ass
671 541 1116 634 udranonrrrosss
1148 557 1380 646 o’ovrne,

443 726 539 812 Quae
553 721 669 798 simul
683 717 853 812 edocuit,
867 713 999 810 Nunc,
1016 711 1059 786 ὁὶ
1078 711 1282 790 fortissime
1291 745 1309 812 ,·
1318 717 1436 813 dixit,

443 857 534 930 Fare
546 877 698 952 precor,
713 849 872 942 Persou,
889 843 1031 941 qmnet
1044 843 1206 944 virtute,
1223 848 1440 947 quibusque

442 985 599 1062 Artibus
611 975 809 1056 abstuleris
823 975 960 1049 crinita
972 973 1203 1049 draconibus
1217 1003 1294 1053 ora.

491 1118 628 1193 Narrat
641 1109 889 1210 Agenorides,
901 1108 1023 1206 gelido
1034 1110 1106 1182 sub
1120 1107 1271 1184 Atlante
1284 1111 1466 1206 jacentem

443 1251 532 1324 Esse
544 1249 691 1339 locum,
711 1239 839 1316 solidae
852 1250 983 1312 tutum
996 1238 1215 1312 munimine
1228 1239 1359 1334 molis3

443 1385 561 1480 Cujus
575 1381 617 1453 in
630 1379 793 1451 introitu
805 1373 971 1470 geminas
985 1371 1172 1448 habitasse
1186 1397 1332 1444 sorores

444 1509 681 1609 Phorcydas,
700 1507 818 1578 unius
833 1504 988 1600 pertitas
1001 1501 1162 1576 luminis
1175 1527 1290 1574 usum
1307 1529 1315 1574 ε

446 1641 490 1716 Id
504 1667 543 1714 se
556 1635 684 1712 solerti
693 1633 850 1728 busim,
866 1631 962 1706 dum
977 1632 1158 1729 traditur,
1179 1645 1261 1706 astu

446 1766 646 1866 Suppositd
658 1763 796 1860 cepisse
810 1788 929 1835 manu
950 1789 957 1835 :
974 1787 1118 1859 perque
1132 1761 1259 1836 abdita
1271 1763 1401 1861 longe,

398 1891 412 1914 ⁸
446 1899 660 1996 Devieque,
676 1907 713 1968 et
730 1893 836 1967 silvis
853 1893 1049 1966 horrentia
1064 1919 1152 1968 saxa
1164 1893 1336 1992 fragosis,

447 2027 658 2125 Gorgoneas
675 2022 835 2120 tetigisse
848 2022 979 2096 domos
991 2022 1224 2121 :passimque
1237 2049 1306 2120 per
1318 2047 1441 2120 agros,

446 2158 683 2258 Perquevias
694 2153 1046 2232 vidissehominum
1054 2153 1270 2250 simulacra,
1285 2153 1540 2250 ferarumque,

443 2291 494 2366 ln
507 2291 650 2364 silicem
665 2315 715 2363 ex
727 2287 817 2386 ipsis
832 2287 914 2362 visat
930 2313 1112 2360 conversa
1124 2287 1299 2382 Modesti,

449 2427 497 2501 Se
512 2437 640 2498 tamen
656 2421 879 2516 horrendae,
898 2421 1021 2520 clypei
1036 2421 1139 2518 quod
1156 2423 1251 2496 laeva
1267 2421 1434 2518 gerebat,

449 2553 540 2626 AEre
554 2575 771 2648 repercusso
787 2557 818 2648 ¹,
837 2551 999 2625 fonnem
1015 2551 1202 2648 aspexisse
1215 2550 1383 2624 Medusae
1401 2577 1408 2622 :
1443 2529 1447 2536 ⁵

451 2684 632 2780 Dumque
637 2681 759 2778 gravis
765 2707 921 2756 somnus
929 2681 1527 2778 colubrasqueipsamquetenebat
1532 2734 1542 2776 ,

450 2814 644 2912 Eripuisse
657 2822 771 2908 caput
780 2813 876 2884 collo
894 2842 901 2884 :
918 2814 1131 2907 pennisque
1146 2811 1315 2910 fugacem

349 2959 353 2965 '
451 2948 633 3046 Pegason,
652 2953 689 3014 et
702 2941 875 3038 fratrem,
892 2941 1023 3014 matris
1037 2939 1084 3013 de
1098 2941 1280 3039 sanguine
1292 2954 1413 3015 natos.

500 3071 661 3148 Addidit
675 3082 712 3144 et
723 3069 825 3167 longi
842 3095 922 3142 non
935 3067 1025 3142 falsa
1039 3069 1207 3169 pericula
1222 3069 1355 3142 cureris
1373 3099 1381 3143 :

453 3205 550 3293 Quae
562 3202 675 3297 freta,
694 3226 787 3299 quas
799 3212 916 3273 terras
930 3201 1002 3273 sub
1016 3225 1055 3272 se
1069 3198 1226 3273 vidisset
1239 3201 1286 3272 ab
1301 3199 1377 3273 alto
1394 3227 1403 3274 :

352 3399 356 3406 .
454 3335 600 3431 thuae
615 3327 757 3426 jactatis
770 3329 949 3427 tetigisset
962 3327 1083 3402 sidera
1096 3329 1244 3426 pennis.

453 3441 554 3543 riute
569 3475 824 3562 exspectatum
839 3464 958 3538 tacuit
969 3476 1109 3538 tamen.
1127 3463 1280 3560 Excipit
1292 3489 1397 3536 unus

456 3596 662 3670 Enumero
675 3617 895 3688 procerum,
911 3603 1106 3690 quaerens,
1125 3615 1195 3663 cur
1207 3591 1284 3662 sola
1297 3613 1472 3664 sororum

457 3723 620 3799 Gesserit
631 3719 785 3794 alterius
798 3722 995 3798 immixtos
1009 3721 1179 3796 crinibus
1193 3741 1344 3820 angues.

357 3991 366 4004 '
504 3997 513 4028 ²
538 3995 598 4052 Per
613 3997 745 4071 clypeam
763 3995 857 4054 instar
871 3994 993 4054 cn'stalti
1006 3997 1144 4060 tacidum.
