3214 5300
414 525 461 597 24
529 539 612 596 uns
641 509 1087 594 nirsuosrnoses
1118 531 1345 607 n’ovrnn,

348 769 350 774 ,
412 690 552 765 Versus
566 691 608 764 in
618 689 855 786 Eurynomes
870 682 1002 758 faciem
1015 682 1207 780 genitricis
1225 711 1233 758 :
1249 695 1287 758 et
1299 683 1401 756 inter
1508 672 1514 680 ’

411 819 558 912 Bissex
571 817 814 894 Leucothoen
830 813 989 890 famulas
1005 814 1051 889 ad
1069 814 1219 890 lumina
1235 813 1375 906 cernit,

410 950 529 1030 Levia
540 962 688 1027 versato
702 947 903 1022 ducentem
921 946 1081 1020 stamina
1095 945 1192 1020 fuso.

411 1081 509 1179 Ergo
522 1081 609 1176 ubi,
627 1107 696 1162 ceu
710 1090 830 1154 mater
846 1105 941 1152 carne
953 1077 1060 1153 dedit
1074 1078 1202 1152 oscida
1214 1087 1333 1171 nates,
1348 1157 1353 1170 ¹

412 1208 504 1306 Res,
520 1211 590 1306 ait,
609 1236 743 1283 arcana
757 1221 812 1284 est
831 1238 839 1283 :
855 1208 1027 1306 famulae,
1046 1207 1225 1282 discedite
1246 1235 1254 1280 :
1272 1229 1370 1280 neve

412 1340 581 1440 Arripite
597 1341 799 1416 arbitrium
812 1341 943 1438 matri,
963 1353 1103 1415 secreta
1115 1337 1299 1438 loquenti.

461 1474 677 1548 Paruerunt
694 1502 702 1546 :
718 1471 979 1570 thalamoque,
994 1473 1117 1568 Deus,
1133 1472 1215 1546 sine
1231 1481 1324 1544 teste
1333 1466 1489 1562 relicto,

413 1604 482 1679 Ille
498 1627 564 1700 ego
575 1629 681 1699 sum,
700 1602 820 1698 dixit,
840 1602 909 1701 qui
923 1603 1079 1701 longum
1092 1601 1229 1678 metior
1239 1627 1406 1694 annum,

413 1733 554 1811 Omnia
570 1735 641 1833 qui
655 1733 787 1828 vide03
803 1760 999 1834 perquem
1018 1734 1125 1810 videt
1139 1734 1269 1826 onmia
1281 1729 1412 1827 tellus3

412 1862 689 1938 Mundioculus
702 1863 831 1960 :mihi,
841 1863 964 1960 crede,
971 1865 1106 1962 places.
1123 1863 1307 1938 Pavctillu
1318 1873 1543 1957 metuque,

414 1992 462 2066 Et
479 1991 602 2088 colus,
618 2004 656 2066 et
667 1991 776 2066 fusus
789 1991 915 2090 digitis
929 1990 1095 2091 cecidere
1111 1991 1276 2066 remissis
1287 1998 1315 2088 '3

413 2123 498 2221 lpse
512 2123 628 2197 timor
641 2123 781 2196 decuit.
797 2123 872 2196 Nec
884 2121 1033 2220 longius
1048 2123 1112 2196 ille
1126 2135 1313 2220 moratus,
1419 2099 1423 2112 ⁸

413 2253 461 2329 In
474 2276 604 2325 veram
616 2247 729 2323 rediit
744 2248 898 2347 faciem,
917 2251 1149 2348 solitumque
1164 2251 1340 2326 nitorem.
1427 2237 1433 2246 ¹

414 2383 466 2458 At
478 2381 604 2480 virge,
623 2381 799 2479 quamvis
812 2381 971 2480 inopino
985 2385 1114 2458 territe
1129 2385 1238 2483 visu,

336 2533 339 2542 ’
414 2509 523 2584 Victo
540 2509 665 2582 nitore
679 2507 771 2603 Dei,
787 2507 908 2605 positi
923 2509 1004 2586 vim
1021 2539 1126 2609 pessa
1140 2511 1292 2609 querelis
1307 2525 1374 2587 est.

463 2637 611 2722 Invidit
627 2638 766 2736 Clytie,
785 2664 909 2738 neque
922 2642 1025 2716 enim
1042 2643 1259 2720 moderatus
1272 2644 1315 2718 in
1327 2643 1392 2716 illst
1436 2681 1443 2690 ·

416 2770 513 2846 Solis
529 2795 635 2843 amor
648 2767 771 2844 fuerat
787 2797 795 2842 ε
811 2769 1079 2870 stimulataque
1092 2773 1235 2872 pellicis
1250 2773 1308 2848 ire

414 2887 553 2998 Vulgat
564 2897 818 2996 adulterium3
836 2899 1148 3000 diffamatumque
1161 2903 1310 3002 parenti
1324 2911 1338 2941 ⁸

414 3027 562 3104 Indicat
579 3056 587 3100 :
602 3025 667 3100 ille
679 3022 789 3098 ferox
802 3028 1152 3128 immansuetusque
1168 3043 1402 3128 precantem,

415 3155 728 3253 Tendentemque
742 3179 878 3228 manus
890 3155 938 3227 ad
951 3155 1101 3229 lumina
1117 3157 1233 3254 Solis,
1253 3169 1307 3254 et,
1326 3156 1393 3230 Ille

454 3339 468 3388 ,¹
493 3335 540 3396 De
551 3333 645 3394 meme
658 3333 732 3392 dans
742 3334 872 3413 Virgile,
887 3333 1007 3413 episode
1020 3334 1058 3394 de
1070 3335 1161 3395 Nisus
1174 3349 1203 3396 et
1216 3338 1395 3416 d'Euryalc,

575 3466 679 3517 &russi
689 3467 801 3516 maulim
811 3467 891 3528 radii,
904 3467 1060 3534 umbraque
1066 3485 1153 3534 poma.

573 3553 686 3629 lichnppd
696 3565 726 3613 dc
738 3582 775 3614 scs
786 3570 860 3614 meins
871 3583 916 3614 con
927 3567 1009 3614 lescen
1020 3583 1045 3614 se
1057 3567 1162 3616 de'roule.

455 3687 469 3718 ⁵
491 3659 676 3759 Remus-quer
688 3684 824 3742 combien
837 3685 864 3741 la
878 3685 1006 3744 cadencc
1018 3704 1109 3763 greve
1122 3698 1151 3743 et
1163 3685 1341 3743 nombrcuse
1354 3683 1392 3742 de
1408 3705 1456 3745 ces

410 3783 521 3862 grands
533 3795 629 3852 mets,
642 3783 832 3858 dffnmatum
839 3827 849 3855 ,
864 3789 1089 3857 immansuetus,
1105 3788 1226 3864 elonges
1239 3805 1346 3844 encore
1355 3804 1416 3862 per
1428 3787 1456 3844 la

409 3881 520 3940 double
540 3879 734 3955 conjonction
751 3903 829 3958 que,
847 3883 948 3944 donne
965 3884 984 3942 t
1002 3903 1050 3943 ces
1068 3903 1136 3944 vers
1157 3884 1357 3960 d‘expression
1376 3885 1457 3941 etde

408 3983 499 4040 force.
