3214 5300
446 581 469 658 6
559 601 643 658 nus
672 571 1115 657 niranonrnosss
1144 591 1374 670 novior,

368 753 373 785 f
441 744 599 820 Pacatus
612 747 813 844 mitisque,
829 754 962 840 rogant
974 743 1199 844 Ismenides,
1217 743 1333 840 adsis3

440 875 464 948 J
467 901 624 973 ussaque
637 859 898 947 saei-aeolum.
918 869 1012 944 Solae
1024 872 1234 970 Minyeides
1246 873 1371 966 intus,

440 981 711 1103 Intempestiui
727 1003 922 1076 turbantes
939 1000 1030 1076 festa
1045 1003 1219 1079 Minerva
1235 1013 1264 1102 ¹,

440 1135 522 1211 Aut
537 1132 685 1208 ducunt
700 1133 820 1228 lanas,
838 1143 905 1204 aut
920 1131 1080 1206 stamina
1092 1134 1227 1234 pollice
1240 1141 1409 1224 versant,

437 1263 521 1338 ‘Aut
533 1264 682 1340 haerent
693 1262 795 1359 telae,
813 1239 1046 1361 famulasque
1062 1264 1252 1339 laboribus
1267 1273 1414 1362 urgent.

438 1395 470 1467 E
485 1396 625 1493 quibus
638 1423 715 1470 una
728 1395 805 1468 levi
818 1393 1008 1468 deducens
1024 1397 1158 1494 pollice
1172 1397 1280 1471 filum
1291 1427 1301 1492 3

438 1527 545 1600 Dum
561 1539 704 1600 cessant
716 1525 817 1622 aliae,
834 1538 1120 1625 commentaque
1133 1555 1233 1602 sacra
1248 1529 1501 1624 frequentant,

439 1655 515 1728 Nos
530 1681 701 1754 quoque,
717 1680 809 1752 quas
822 1654 958 1752 Pallas,
972 1655 1107 1730 melior
1118 1657 1214 1753 Dea,
1231 1655 1394 1753 detinet,
1408 1652 1545 1751 inquit,

438 1785 542 1861 Utile
556 1813 650 1886 opus
663 1812 848 1861 manuum
862 1788 969 1860 vario
983 1814 1155 1862 sermone
1166 1790 1356 1885 levemus3

439 1917 584 2016 Perque
596 1918 698 1992 vices
712 1917 877 2016 aliquid,
897 1917 998 2016 quod
1013 1931 1183 2016 tempora
1196 1920 1306 2016 longa
1317 1915 1441 1992 videri

436 2047 523 2122 Non
536 2049 650 2144 sinat,
668 2047 711 2120 in
725 2048 896 2121 medium
910 2075 1045 2123 vacum
1058 2049 1264 2124 referamus
1279 2048 1325 2122 ad
1339 2073 1460 2122 aures.

436 2177 546 2251 Dicta
557 2179 737 2276 probant,
753 2179 992 2276 primamque
1006 2181 1141 2274 jubent
1153 2205 1307 2252 narrare
1321 2202 1474 2251 sorores.

436 2304 522 2399 Illa,
542 2303 635 2401 quid
650 2330 671 2375 e
685 2304 815 2376 multis
829 2303 981 2399 referat,
998 2331 1085 2377 nam
1101 2305 1268 2402 plurima
1284 2317 1410 2400 norat,

434 2433 578 2528 Cogitat
594 2463 602 2506 :
619 2434 785 2507 etdubia
798 2447 871 2532 cst,
890 2434 1007 2532 dete,
1024 2435 1248 2534 Babylonia,
1266 2449 1412 2531 narret,
1587 2008 1597 2551 l

433 2563 585 2636 Derceti
600 2571 630 2661 ¹,
650 2591 764 2662 quam
780 2565 906 2661 versat,
922 2568 1087 2664 squamis
1100 2568 1311 2643 velantibus
1328 2578 1431 2640 artus
1440 2623 1452 2664 ,

433 2693 567 2790 Stagna
579 2695 766 2772 Palaestini
780 2699 941 2772 credunt
958 2702 1157 2775 celebrasse
1169 2701 1288 2800 figurai
1296 2733 1306 2797 3

433 2821 495 2896 An
509 2825 622 2922 magis
638 2837 683 2899 ut
698 2827 832 2900 sumtis
847 2829 950 2901 illius
964 2829 1041 2904 filia
1055 2830 1190 2927 pennis

432 2947 629 3023 Extremos
641 2949 734 3024 albis
748 2951 791 3024 in
804 2953 976 3027 turribus
989 2955 1103 3051 egerit
1116 2983 1247 3031 annos.

430 3080 517 3153 Nais
531 3108 580 3154 an
594 3094 639 3154 ut
652 3093 782 3176 cantu,
798 3083 1042 3183 nimiumque
1056 3090 1273 3184 potentibus
1287 3089 1435 3184 herbis,

429 3209 593 3283 Verterit
606 3212 649 3284 in
663 3210 792 3284 tacitos
808 3213 992 3306 juvenilia
1009 3243 1162 3314 corpora
1179 3218 1316 3314 pisces3

427 3336 557 3418 Donec
569 3337 671 3411 idem
684 3363 788 3435 passa
805 3351 860 3413 est
876 3371 884 3415 ε
901 3367 968 3440 an,
987 3371 1072 3441 quae
1088 3373 1199 3443 poma
1214 3347 1297 3421 alba
1314 3347 1476 3445 serebat,

428 3461 481 3535 Ut
493 3489 598 3537 nunc
614 3464 721 3563 nigra
736 3463 832 3540 ferat
843 3481 1017 3545 contactu
1033 3474 1224 3571 sanguinis
1238 3478 1361 3549 arbor.

470 3645 479 3674 ¹
502 3635 656 3714 an·nm1‚'
667 3664 748 3720 pour
760 3647 900 3725 lanificio.
916 3652 964 3708 On
976 3652 1070 3726 prend
1083 3655 1110 3710 le
1123 3673 1194 3712 nom
1207 3654 1244 3712 de
1256 3656 1286 3712 la
1298 3655 1396 3712 deesse
1407 3652 1463 3729 qui

424 3737 540 3815 priside
558 3740 576 3798 i
594 3741 747 3818 l’ouvrage
767 3763 847 3818 pour
864 3746 1016 3824 l’ouvrage
1035 3750 1139 3808 meme.
1163 3753 1244 3808 Cette
1264 3752 1398 3809 locution
1416 3761 1462 3808 est

425 3835 592 3918 tres-usitee
605 3855 642 3893 en
654 3839 763 3912 poesie.

464 3939 478 3968 ¹
499 3935 641 4005 Dercetc,
655 3936 777 3996 divinite
789 3941 840 3998 des
854 3943 1018 4018 Assyriens.
1036 3949 1084 4004 On
1102 3949 1129 4004 la
1147 3947 1339 4022 representait
1354 3947 1461 4003 moiri&

421 4021 851 4109 semmc,m0itiepoisson.lllle
861 4038 990 4097 avaitun
997 4043 1103 4119 temple
1110 4043 1178 4119 pris
1186 4043 1228 4102 du
1234 4045 1279 4102 lac
1286 4042 1458 4102 d’Asculon.
