3170 5304
856 257 872 294 k

420 516 490 591 168
533 531 618 588 uss
646 502 1087 598 udrnuonrrrosns
1118 523 1347 606 nrovrnr,

415 725 531 802 XIV.
558 723 936 826 Raptamsibifiliam
946 721 1196 797 abAretlrurd
1208 725 1319 838 diruit
1332 727 1453 802 ceres.

465 921 568 996 CUM
583 929 695 1016 caput
707 915 804 990 Eleis
817 914 993 1012 Alpheias
1007 916 1143 990 extulit
1159 919 1274 992 undis
1291 927 1324 1017 ²,

417 1047 675 1147 Rorantesque
685 1071 808 1121 comas
822 1071 844 1118 a
856 1045 980 1120 fronte
992 1048 1156 1122 removit
1167 1050 1213 1123 ad
1227 1077 1354 1152 aures,

417 1179 543 1278 Atque
551 1179 604 1254 ait
620 1207 628 1251 ε
645 1179 700 1253 0!
719 1187 796 1248 toto
810 1176 976 1274 quaesitae
991 1178 1150 1275 virginis
1164 1182 1276 1277 orbe,

416 1311 466 1385 Et
477 1310 653 1408 frugum,
672 1307 855 1406 genitrix,
871 1307 1074 1382 immensos
1087 1307 1173 1382 siste
1190 1311 1349 1410 labores5

418 1438 523 1516 Neve
539 1439 610 1513 tibi
625 1435 710 1511 fidae
724 1435 888 1510 violenta
903 1437 1060 1511 irnsoere
1071 1449 1193 1514 terrae.

418 1569 537 1644 Terra
549 1567 649 1644 nihil
662 1568 821 1662 meruit,
836 1565 1033 1664 patuitque
1048 1567 1171 1642 invita
1183 1571 1337 1670 rupinae.·

303 1796 308 1808 .
418 1703 495 1778 Nec
511 1729 596 1777 sum
610 1728 679 1800 pro
692 1700 812 1798 patrii
827 1699 988 1797 supplex
1005 1729 1013 1774 :
1027 1700 1106 1776 huc
1116 1702 1265 1802 hospita
1276 1705 1378 1780 veni.

418 1833 503 1908 Pisa
515 1832 614 1926 mihi
626 1831 746 1930 patria
759 1841 832 1924 est,
847 1841 884 1902 et
892 1831 939 1903 ab
952 1829 1058 1903 Elide
1067 1830 1242 1906 ducimus
1255 1845 1396 1910 ortum.

418 1964 604 2038 Sicaniam
619 1961 814 2060 peregrina
825 1960 906 2034 colo
924 1987 932 2033 ε
949 1959 1009 2034 sed
1030 1961 1169 2058 grstior
1181 1964 1287 2036 omni

419 2097 510 2170 Haeo
522 2093 621 2168 mihi
630 2094 729 2168 terra
742 2093 819 2166 solo
833 2104 899 2166 est.
915 2091 992 2167 Hos
1006 2119 1110 2167 nunc
1122 2093 1307 2168 Arethusa
1318 2107 1489 2194 penales,
1580 2157 1581 2176 ,

418 2228 526 2302 Hanc
541 2227 660 2302 habeo
676 2225 821 2321 sedem3
839 2251 954 2323 quarn
965 2237 1027 2323 tu,
1044 2225 1258 2322 mitissima,
1274 2205 1395 2304 serve.

420 2353 616 2428 Motnloeo
631 2353 804 2449 cursim,
821 2353 991 2451 tantique
1004 2379 1071 2450 per
1087 2355 1249 2452 aequoris
1265 2355 1386 2430 undas

328 2577 330 2582 ,
420 2482 600 2558 Advehar
612 2485 825 2579 Ortygiam,
842 2483 970 2557 veniet
981 2485 1194 2559 narratibus
1206 2486 1300 2561 hora

422 2607 661 2706 Tempestiva
676 2607 789 2703 meis3
809 2610 896 2684 oum
909 2621 952 2682 tu
968 2615 1145 2709 curisque
1161 2613 1300 2712 levata,

421 2737 470 2809 Et
484 2735 615 2809 vultris
627 2734 793 2810 melioris
809 2736 894 2811 eris.
918 2737 1016 2811 Mihi
1029 2741 1159 2836 pervia
1176 2742 1286 2816 tellus

424 2869 568 2942 Praebet
580 2869 672 2941 iter:
688 2869 892 2965 subterque
904 2869 997 2942 imas
1011 2871 1129 2944 ablata
1146 2897 1322 2948 cavernas

423 2997 496 3074 Hic
508 3010 620 3094 caput
631 2998 775 3095 attolle,
791 2996 1016 3095 desuetaque
1029 2997 1150 3072 sidera
1161 3021 1288 3076 cerno.

422 3127 537 3226 Ergo,
552 3127 647 3200 dum
661 3126 786 3224 Stygio
800 3126 869 3200 sub
887 3127 997 3201 terris
1010 3127 1152 3225 gurgite
1165 3129 1289 3226 labor,

422 3262 512 3337 Visa
524 3273 590 3334 tua
606 3272 660 3332 est
677 3259 793 3332 oculis
810 3237 887 3334 illic
901 3261 1124 3358 Proserpina
1139 3261 1291 3336 nostris.

422 3391 491 3466 Illa
505 3389 659 3488 quidem
674 3388 809 3485 tristis,
828 3415 898 3462 nec
914 3391 1037 3464 adhuc
1051 3393 1223 3466 interrita
1235 3393 1366 3489 vultu3

466 3559 476 3587 ¹
502 3554 584 3612 Cette
599 3551 711 3628 image,
728 3551 817 3610 d'une
829 3552 976 3611 lrnlcheur
991 3554 1177 3624 dhorndune,
1192 3574 1209 3612 a
1227 3557 1253 3612 le
1267 3556 1369 3613 merite
1381 3554 1452 3616 d’en

423 3671 542 3714 omener
553 3669 611 3709 une
621 3661 706 3706 autre
718 3669 779 3707 non
787 3651 882 3709 moins
892 3651 1052 3729 graoieuse,
1059 3669 1117 3727 que
1127 3653 1154 3709 le
1162 3671 1229 3709 vers
1237 3651 1352 3728 d'aprds
1361 3653 1453 3711 dove·

422 3751 527 3828 luppo,
540 3759 569 3807 et
581 3747 633 3824 qui
642 3747 694 3804 fait
706 3749 821 3805 tableau
833 3768 892 3806 aux
901 3769 978 3826 yeux
988 3751 1024 3808 de
1036 3749 1155 3825 l’esprit.
1167 3751 1208 3807 Le
1217 3751 1328 3818 celdhre
1339 3752 1452 3808 vernet

423 3856 471 3910 n’a
489 3849 592 3925 jamnis
610 3848 709 3906 mieux
728 3853 895 3925 represent&
912 3868 964 3910 rur
982 3851 1011 3909 la
1029 3849 1098 3909 toile
1115 3851 1142 3909 le
1160 3862 1239 3930 geste
1258 3863 1289 3912 et
1305 3849 1456 3911 l'ruitude

425 3951 513 4008 d'une
525 3947 693 4024 baignouse.
