3218 5342
414 493 486 572 520
529 505 613 564 nus
643 473 1086 560 niranonrrrosns
1117 497 1345 581 rrovmu,

412 656 511 732 Ense
527 651 627 728 senis
640 648 815 748 jugulum
833 674 841 720 :
857 656 1100 743 veteremque
1113 645 1219 720 exire
1235 673 1411 730 cruorem

413 787 542 884 Passa,
560 781 680 882 replet
691 777 823 854 succis.
843 774 949 862 Quos
961 786 1047 874 post
1059 776 1176 874 quim
1189 779 1374 854 combibit
1385 776 1514 857 AEson

412 915 492 992 Aut
505 942 570 989 ore
580 921 766 1009 acceptos,
782 919 849 982 aut
861 907 1023 980 vulnere
1031 937 1042 1002 3
1058 908 1174 980 barba
1187 923 1397 1010 comaeq'ue,

412 1044 557 1118 Canitie
569 1039 707 1141 positi,
722 1037 876 1135 nigrum
889 1039 1049 1134 rapuere
1064 1035 1242 1114 colorem.

410 1172 524 1248 Pulsa
536 1171 633 1270 fugit
646 1165 783 1242 macies
801 1196 808 1240 :
824 1168 967 1240 abeunt
979 1165 1176 1268 pallorque
1190 1167 1380 1266 sitimque,

410 1300 642 1398 Adjectoquo
658 1320 760 1370 cavae
778 1294 1006 1392 supplentur
1018 1295 1200 1392 sanguine
1216 1322 1345 1396 venae,

408 1431 655 1526 Membraque
671 1433 681 1480 ¹«
698 1425 911 1500 luxuriant.
928 1425 1046 1498 AEson
1061 1425 1243 1526 miratur,
1260 1442 1297 1502 et
1310 1427 1402 1504 olim

409 1567 509 1642 Ante
523 1573 656 1662 quater
668 1559 785 1634 denos
798 1557 906 1632 hunc
919 1583 958 1632 se
971 1557 1231 1632 reminiscitur
1246 1583 1378 1635 annos.

456 1693 614 1769 Viderat
631 1717 680 1766 ex
692 1689 767 1762 alto
779 1685 876 1760 tanti
889 1684 1073 1780 miracula
1085 1683 1247 1758 monstri

407 1827 523 1904 Liber
541 1854 549 1897 ε
566 1836 603 1897 et
615 1818 833 1896 admonitus
849 1818 1007 1912 juvenes
1021 1815 1236 1890 nutricibus
1251 1843 1371 1892 annos

406 1957 520 2032 Posse
534 1952 613 2028 suis
626 1947 737 2026 reddi
743 1978 754 2045 3
773 1946 869 2045 petit
888 1945 964 2021 hoc
975 1943 1126 2020 AEetida
1139 1973 1297 2023 munus.

580 2179 652 2256 Vl.
679 2179 928 2278 Jufflrlotnrci
938 2175 1105 2276 filiabus
1125 2179 1273 2254 Pelias.

456 2411 490 2488 N
499 2433 590 2485 nvn
605 2403 685 2482 doli
698 2417 857 2502 cessent,
873 2404 1006 2480 odium
1023 2431 1113 2480 cum
1125 2409 1282 2506 conjuge
1297 2407 1434 2486 falsum

403 2538 558 2616 Phasias
570 2534 781 2632 assimulat,
796 2533 985 2632 Peliaeque
997 2535 1044 2608 ad
1061 2535 1196 2612 limina
1209 2539 1371 2637 supplex

404 2671 606 2770 Confugit:
625 2679 742 2788 atque.
755 2667 878 2765 illam,
898 2669 1082 2766 quoniam
1096 2670 1219 2767 gravis
1232 2673 1313 2769 ipse
1326 2672 1498 2774 senecta,

404 2801 615 2899 Excipiunt
627 2808 737 2872 natae.
758 2797 861 2883 Quas
874 2810 1045 2897 tempore
1062 2799 1194 2874 callida
1206 2829 1326 2900 parvo

404 2931 553 3008 Colchis
569 2928 744 3005 amicitiae
757 2929 949 3004 mendacis
963 2931 1125 3029 imagine
1141 2933 1252 3032 cepit.

403 3065 585 3160 Dumque
597 3059 729 3157 refert,
746 3060 849 3133 inter
863 3061 1090 3135 meritorum
1104 3064 1288 3158 maxima,
1301 3063 1449 3140 demtos

403 3195 554 3272 AEsonis
567 3219 644 3267 esse
658 3193 753 3266 situs
767 3199 797 3289 ¹3
813 3203 927 3289 atque
942 3191 1013 3265 hac
1030 3191 1073 3264 in
1085 3207 1190 3290 parte
1206 3207 1395 3293 moratur3

403 3328 494 3425 Spes
511 3336 566 3399 est
580 3323 794 3420 virginibus
807 3323 910 3396 Pelia
924 3325 1089 3420 subjecta
1104 3315 1253 3425 creatis,

401 3457 494 3538 Arte
506 3481 622 3530 suum
634 3454 747 3553 parili
758 3456 986 3529 revirescere
999 3481 1107 3554 posse
1122 3470 1316 3555 parentem
1324 3488 1335 3552 ;

447 3655 459 3687 ⁸
487 3657 568 3712 Tunc
580 3653 711 3710 membro
724 3653 874 3710 luxuriare
885 3655 1019 3710 dicantur
1024 3696 1035 3726 ,
1047 3654 1112 3712 caim
1123 3657 1214 3714 valde
1219 3656 1346 3732 pr‘nguia
1356 3667 1444 3732 atque

402 3753 498 3812 nitida
510 3753 655 3810 videntur.

447 3857 462 3887 ⁸
484 3851 571 3922 Situs,
584 3851 624 3910 les
633 3849 711 3912 rides
720 3859 749 3917 ot
757 3850 880 3930 t’csptce
889 3849 926 3912 de
936 3851 1043 3912 rouille
1053 3851 1298 3932 quelrvieillesse
1307 3850 1443 3928 imprime

403 3969 456 4016 tur
467 3952 495 4012 le
507 3953 617 4032 vierge.
