3210 5324
436 508 508 584 506
549 522 635 579 rus
667 489 1114 574 uirruouruosss
1143 501 1374 576 uomit,

433 671 626 750 Demisire
642 677 747 743 metu
760 661 991 754 vultumque
1004 653 1256 750 animumque
1269 647 1425 744 Pelasgi.

434 808 518 902 lpsa
532 821 685 901 quoque
697 790 895 886 extimuit,
916 813 1002 885 quae
1015 797 1145 859 tutum
1158 782 1297 858 fecerat
1308 779 1440 870 illum3

433 933 560 1032 thue
572 930 650 1030 peti
661 931 841 1023 juvenem
854 929 911 993 tot
922 915 1023 992 vidit
1035 917 1083 992 ab
1098 913 1274 989 hostibus
1287 933 1431 1003 unum,

433 1065 570 1140 Palluit
578 1092 589 1160 3
604 1073 642 1136 et
654 1058 780 1136 subiti)
794 1055 877 1128 sine
890 1049 1073 1150 sunguine
1090 1046 1226 1146 frigida
1238 1045 1348 1121 sedit.

430 1194 535 1271 Neve
547 1213 684 1290 porum
696 1183 848 1260 valeant
860 1207 882 1254 a
895 1205 934 1254 se
946 1177 1034 1256 data
1039 1178 1235 1276 gramina,
1253 1197 1407 1250 carmen

429 1321 627 1397 Auxiliare
641 1315 762 1412 eunit3
780 1322 1015 1408 secretasque
1029 1307 1188 1382 edvoest
1203 1315 1313 1379 artes.

403 1473 408 1486 '
429 1453 516 1551 Ille,
532 1473 685 1550 gruvem
697 1442 843 1520 medios
855 1441 1000 1516 silicem
1016 1437 1200 1534 jaetrlotus
1215 1436 1260 1510 in
1274 1431 1420 1524 hostes,

428 1585 463 1658 Λ
475 1611 514 1658 se
526 1581 729 1683 depulsum
744 1577 906 1654 Martem
918 1571 1108 1648 convertit
1123 1574 1167 1644 in
1181 1571 1294 1668 ipsos.

426 1717 639 1817 Terrigenae
653 1725 816 1815 pereunt
831 1737 900 1810 per
914 1721 1051 1786 mutua
1062 1707 1225 1782 wlnera
1235 1703 1389 1796 fratres,

313 1873 316 1882 ·
426 1844 616 1943 Civilique
631 1841 772 1917 cadunt
784 1839 873 1914 anie.
893 1837 1103 1910 Gratantur
1118 1843 1128 1870 ¹
1143 1829 1283 1908 Achivi
1291 1859 1302 1926 3

425 1979 693 2076 Victoremque
706 1983 857 2069 teuent,
874 1969 1074 2066 avidisque
1086 1963 1325 2065 amplexibus
1337 1960 1498 2035 baerent.

425 2111 487 2186 Tu
504 2135 657 2210 quoque
669 2107 854 2182 victorem
869 2101 1087 2201 complecti,
1109 2099 1264 2174 barbara
1276 2093 1413 2194 velles3

425 2239 583 2330 Obstitit
594 2238 746 2336 incepto
761 2233 888 2333 pudor
905 2260 914 2308 ε
929 2243 968 2306 st
981 2231 1179 2330 complexe
1191 2229 1346 2326 iuisscs3

424 2355 496 2442 Sed
509 2379 566 2463 te,
580 2391 630 2440 ne
642 2364 799 2461 luceres,
814 2360 941 2436 tenuit
957 2360 1172 2437 reverentia
1186 2357 1310 2434 fsmae.

423 2493 537 2582 Quod
553 2494 659 2586 licet,
677 2491 813 2566 affectu
826 2489 938 2564 tacito
953 2488 1092 2563 lutaris
1111 2517 1119 2563 :
1138 2487 1291 2586 agisque

423 2623 667 2698 Carminibus
678 2635 816 2722 grates,
835 2633 873 2694 et
884 2621 953 2696 Dis
969 2621 1188 2697 auctoribus
1203 2619 1358 2695 horum.

470 2753 696 2850 Pervigilem
709 2766 880 2854 superest
894 2754 1024 2830 herbis
1040 2755 1165 2854 sopire
1180 2753 1386 2830 draconem
1399 2763 1414 2796 ⁸
1422 2786 1433 2851 3

423 2884 502 2972 Qui
518 2884 630 2960 cristi
640 2883 857 2983 linguisque
869 2887 994 2961 tribus
1006 2886 1218 2987 praesignis,
1237 2899 1276 2961 et
1290 2887 1402 2962 uncis

422 3017 610 3092 Dentibus
626 3016 862 3115 horrendus,
879 3031 1004 3095 custos
1017 3033 1098 3095 erat
1110 3020 1237 3096 arietis
1248 3021 1357 3096 aurei
1370 3019 1396 3095 ³.

423 3147 537 3226 Hunc
551 3162 635 3250 post
648 3151 765 3250 quim
780 3151 916 3248 sparsit
928 3152 1073 3228 Lethoei
1088 3153 1257 3252 gramine
1271 3151 1398 3248 succi,

469 3334 477 3363 ¹
505 3333 694 3388 Gratulantur
704 3331 812 3388 Iasoni
819 3333 941 3405 uictori,
955 3347 984 3392 ee
995 3353 1062 3391 eum
1074 3337 1296 3411 amplectunutr.

466 3433 480 3464 ¹
501 3431 654 3505 Reliquum
665 3443 710 3487 est
719 3450 758 3488 ex
766 3431 803 3488 iis
812 3449 881 3506 quoe
886 3433 1019 3506 jusserat
1027 3435 1091 3490 Rea
1105 3432 1251 3492 Colchidis
1260 3433 1424 3490 &aconem
1434 3433 1469 3490 in

424 3548 558 3590 somnum
571 3528 729 3584 adducere.

467 3621 480 3662 ³
502 3629 639 3704 Namque
650 3631 745 3686 vellus
754 3647 875 3688 aureum
885 3629 905 3688 ὰ
918 3647 1004 3690 vasto
1017 3645 1047 3690 et
1056 3645 1246 3691 monstruosa
1256 3632 1467 3709 magmludt'nis

426 3727 554 3783 dracone
562 3728 782 3789 custodiebatur.
792 3732 949 3790 Estoutem
960 3731 1043 3790 aursi
1051 3733 1205 3808 synoereub
1214 3745 1243 3788 et
1251 3737 1465 3808 coagmentatio

425 3827 551 3884 duarum
559 3828 707 3886 vocalium
718 3829 749 3887 in
759 3849 847 3888 unam
857 3833 1017 3907 syllabam,
1029 3834 1087 3890 nisi
1094 3833 1336 3890 malcinusdicere
1344 3852 1464 3892 versum

426 3943 487 3982 esse
494 3923 722 4002 hypermeerum,
732 3927 967 4006 ctmpmsereim
976 3949 1099 4010 sequens
1106 3929 1347 4008 uersusincioitu
1356 3934 1464 3993 uocat:
