3178 5312
428 518 498 592 124
541 535 623 592 cns
652 507 1095 594 udrsuoaruosas
1126 536 1358 614 o’ovmu,

421 685 559 759 Fronte
568 697 694 759 tamen
708 681 839 758 Rhoeti
852 707 931 755 non
945 680 1054 754 irrita
1067 679 1193 777 cuspis
1206 679 1376 756 adhaesit.

424 814 502 900 Qui
515 828 600 912 post
606 816 721 913 quam
727 812 880 909 cecidit,
890 811 1113 909 ferrumque
1120 837 1170 886 ex
1176 837 1257 886 osse
1263 809 1465 888 revulsum
1473 823 1537 908 est,

422 944 601 1044 Palpitat,
620 956 658 1018 et
673 943 809 1040 positas
825 943 984 1040 aspergit
997 944 1180 1042 sanguine
1193 970 1356 1020 mensas.

422 1071 524 1148 Tum
540 1073 633 1148 verb
649 1071 854 1146 indomitas
871 1070 1030 1146 ardescit
1041 1073 1181 1169 uulgus
1194 1073 1238 1146 in
1250 1072 1345 1168 iras,

421 1197 587 1297 Telaque
604 1198 836 1295 conjiciunt:
853 1209 890 1272 et
903 1210 1014 1296 sunt,
1035 1199 1103 1300 qui
1117 1198 1265 1297 Cephea
1280 1197 1412 1273 dicant

424 1331 521 1405 Cum
534 1356 669 1427 genero
683 1329 819 1406 debere
835 1333 947 1406 mori.
968 1329 1039 1412 Sed
1056 1331 1178 1406 limite
1193 1330 1283 1405 tecti

347 1463 350 1470 ⁴
423 1459 576 1536 Exierat
592 1462 782 1559 Cepheus,
803 1473 957 1536 testatus
972 1463 1129 1559 jusque,
1146 1461 1338 1558 fidemque
1356 1466 1390 1552 ¹,

423 1585 663 1689 Hospitiique
679 1591 797 1688 Deos,
814 1615 856 1666 ea
865 1647 876 1688 ‚
895 1615 934 1664 se
947 1589 1194 1688 prohibente,
1208 1585 1370 1664 moveri.

593 1849 649 1924 11.
677 1853 872 1926 Proiectus
892 1851 1102 1926 &Pallade
1122 1851 1298 1924 Perseus.

470 2107 687 2184 Brunca
710 2109 830 2183 Pallas
846 2108 969 2206 adest,
986 2120 1023 2183 et
1034 2105 1195 2206 protegit
1210 2105 1328 2204 aegide
1340 2101 1513 2200 fratrem,

422 2241 540 2337 Datq3
556 2241 712 2314 animos.
729 2241 818 2314 Erat
830 2239 948 2316 Indus
957 2239 1084 2336 Athis,
1098 2262 1232 2336 quem,
1245 2235 1537 2331 flumineGange

422 2368 551 2465 Edita,
570 2367 743 2442 Limnate
760 2370 891 2444 vitreis
905 2371 1095 2469 peperisse
1111 2371 1183 2444 sub
1200 2367 1321 2442 antris

423 2499 618 2598 Creditur,
637 2502 802 2598 egregius
816 2501 939 2576 formd
958 2531 966 2576 :
986 2529 1102 2599 quam
1118 2501 1240 2575 divite
1257 2499 1366 2576 cultu

422 2627 610 2726 Augebat,
629 2631 686 2703 bis
703 2629 830 2704 adhuc
845 2629 990 2703 octonis
1005 2630 1150 2724 integer
1163 2627 1292 2723 annis3

423 2757 586 2832 Indutus
600 2757 837 2856 chlamydem
850 2758 1030 2855 Tyriam,
1046 2781 1163 2854 quam
1177 2755 1320 2832 limbus
1332 2756 1460 2831 obibat

423 2886 572 2960 Aureus
590 2917 598 2961 :
617 2890 802 2962 ornabant
816 2899 945 2960 aurata
960 2886 1118 2960 monilia
1130 2885 1293 2984 collum,

423 3018 470 3092 Et
486 3018 654 3094 madidos
671 3019 800 3118 myrra
813 3042 978 3092 curvum
993 3015 1134 3091 crinale
1147 3015 1300 3114 capillos
1313 3022 1339 3089 ¹.

466 3239 476 3268 ¹
498 3234 553 3291 Les
569 3232 663 3290 droits
674 3231 711 3288 de
722 3230 910 3308 l'hospitalitt
924 3242 952 3288 et
963 3230 993 3288 la
1002 3229 1105 3306 parole
1116 3227 1233 3286 donate
1246 3227 1387 3287 tresue.

464 3337 479 3367 ¹
499 3331 580 3392 Tous
591 3333 632 3390 les
644 3332 819 3406 interprdtes
830 3331 1001 3407 expliquent
1011 3330 1122 3386 canale
1132 3347 1188 3405 par
1197 3325 1381 3398 bandelette5
1392 3325 1464 3384 maia

423 3429 571 3505 t’spithtte
587 3449 702 3486 curvum
719 3427 841 3505 indique
854 3449 896 3487 un
909 3428 1015 3505 peigne
1028 3426 1150 3484 courbe.
1166 3427 1248 3483 Cette
1261 3423 1357 3501 image
1370 3423 1465 3482 moins

423 3530 559 3607 vulgaire
579 3531 634 3586 m’a
653 3547 730 3604 paru
745 3531 920 3606 prestrahle.
935 3531 985 3587 Au
1001 3527 1140 3606 amplus,
1159 3527 1185 3583 le
1202 3525 1290 3602 potte
1304 3541 1341 3580 ne
1358 3521 1465 3582 semble

425 3629 538 3688 dtcrire
556 3631 584 3688 la
597 3631 703 3687 beaute
717 3629 759 3687 du
773 3628 862 3702 jaune
876 3632 951 3706 Atys
963 3646 1034 3686 avec
1051 3645 1110 3684 une
1123 3623 1231 3682 tourhe
1247 3619 1466 3696 voluptueuse,

424 3747 484 3804 que
493 3747 573 3804 pour
583 3729 725 3804 prtparer
738 3747 780 3786 un
791 3739 940 3786 contracte
952 3745 1023 3784 avec
1034 3743 1089 3783 son
1099 3742 1190 3803 genre
1200 3723 1237 3780 de
1249 3731 1347 3791 mort,
1358 3720 1413 3797 qui
1423 3729 1466 3777 est

425 3814 566 3884 horrible.
586 3830 622 3885 Et
638 3828 734 3905 quelle
749 3827 837 3885 teinte
854 3847 944 3886 tuave
962 3837 991 3885 et
1006 3825 1102 3883 doure
1118 3843 1155 3881 ne
1172 3819 1285 3898 repand
1300 3837 1354 3896 pas
1373 3837 1425 3876 sur
1436 3835 1467 3874 oo

428 3923 547 3984 tableau
561 3925 676 3985 alitem
689 3925 806 3986 l’amitid
816 3926 859 3988 du
870 3925 975 4005 Syrien
985 3923 1118 4003 Lycabas
1126 3941 1206 4003 pour
1217 3941 1250 3980 ee
1261 3915 1443 3978 helladica!
