3210 5324
436 563 505 638 262
555 579 638 636 ers
667 549 1103 634 nsranonrnosrs
1131 569 1356 648 n’ovmr,

435 721 597 821 Bacche,
615 733 699 796 tuas
716 719 880 794 simulat.
897 717 1014 792 Venit
1025 715 1072 791 ad
1085 717 1230 792 stabula
1241 720 1327 793 avia
1337 717 1500 816 tandem,
1579 767 1580 774 κ

434 855 710 951 Exululatque,
729 852 907 948 Erotique
917 860 1041 944 sonat,
1056 859 1257 946 portusque
1271 845 1457 947 refringit,
1579 879 1580 948 j

435 985 737 1081 Gennanamqne
745 983 862 1080 rapit,
879 992 1072 1079 raptoque
1084 980 1244 1078 insignia
1257 979 1395 1055 Bacchi

387 1171 390 1184 .
434 1111 566 1189 Induit
583 1142 591 1186 :
607 1124 644 1185 et
656 1113 787 1186 vultus
799 1108 1027 1184 hederarum
1039 1107 1240 1220 frondibus
1252 1107 1377 1207 abdit,

434 1243 719 1339 Attonitamque
734 1239 888 1314 trahens
900 1239 1003 1312 intre
1018 1263 1086 1312 sua
1101 1238 1236 1314 limina
1247 1237 1368 1312 ducit.

484 1372 537 1446 Ut
552 1373 669 1447 sensit
681 1370 842 1469 tetigisse
853 1369 1013 1444 domum
1029 1367 1237 1444 Philomela
1250 1367 1467 1466 nefandam,

422 1502 597 1612 ¹Horruit
609 1501 765 1599 infeli13
780 1513 934 1597 totoque
950 1498 1134 1597 expalluit
1145 1525 1223 1574 ore.

308 1735 311 1748 Ι
435 1633 548 1708 Nacta
559 1635 686 1710 locum
698 1635 859 1728 Procne,
877 1655 1070 1706 sacrorum
1081 1631 1239 1729 pignore
1249 1629 1390 1727 demit,

436 1755 748 1864 Oraquedevelat
763 1763 910 1838 miserm
926 1762 1153 1860 pudibunde
1165 1762 1308 1858 sorori3

435 1895 701 1993 Amplexuque
713 1894 821 1990 petit.
848 1891 919 1966 Sed
935 1917 1015 1966 non
1028 1892 1195 1965 attollere
1210 1903 1341 1966 contm
1358 1898 1366 1928 ¹

436 1993 604 2096 Sustinet
616 2023 699 2095 haec
714 2022 864 2117 oculos,
883 2021 1008 2118 pellex
1023 2022 1096 2096 sibi
1110 2023 1192 2096 visa
1205 2023 1344 2096 sororis
1362 2051 1370 2095 :

434 2156 663 2252 Dejectoque
675 2155 719 2228 in
733 2153 901 2228 humum
918 2155 1048 2251 vultu,
1064 2156 1191 2250 jurare
1207 2155 1353 2230 volenti

435 2284 655 2384 Testarique
668 2287 786 2383 Deos,
805 2312 874 2383 per
888 2287 970 2360 vim
984 2287 1057 2360 sibi
1070 2286 1232 2361 dedecus
1244 2286 1341 2362 illud

427 2414 607 2512 Elatum,
625 2442 696 2513 pro
711 2441 804 2489 voce
817 2441 954 2491 manus
970 2414 1056 2491 fuit.
1074 2415 1211 2514 Ardet,
1229 2427 1268 2490 et
1281 2416 1379 2490 irem

436 2545 522 2620 Non
536 2544 635 2641 capit
646 2546 727 2642 ipsa
740 2570 847 2617 suam
860 2545 1005 2619 Procne
1022 2575 1030 2622 :
1047 2545 1258 2646 fletumque
1270 2546 1409 2622 sororis

437 2675 767 2773 Corripiens,Non
776 2688 831 2750 est
837 2676 1012 2774 lacrymis
1018 2676 1099 2774 hle,
1111 2677 1259 2776 inquit,
1274 2677 1479 2776 agendum,

438 2808 509 2882 Sed
523 2807 642 2903 serro5
659 2805 721 2880 sed
736 2805 875 2904 siquid
890 2806 1022 2904 habes,
1039 2806 1141 2904 quod
1157 2807 1311 2881 vincere
1320 2805 1461 2881 sermm

437 2935 569 3012 Possit.
587 2939 634 3012 ln
646 2963 759 3011 omne
771 2937 875 3012 nefas
890 2961 955 3035 ego
968 2963 1048 3033 me,
1066 2961 1258 3036 germana,
1273 2937 1415 3035 parnei.

436 3071 516 3148 Aut
530 3094 595 3168 ego
608 3095 696 3144 cum
709 3068 853 3165 facibus
869 3069 1004 3167 regalia
1019 3081 1116 3144 tecta
1128 3069 1321 3167 cremabo,

304 3225 306 3233 ·
437 3196 631 3272 Artificem
646 3197 780 3273 mediis
795 3197 997 3272 immittam
1010 3197 1129 3274 Terea
1142 3196 1324 3293 flammis3

436 3325 1538 3440 Autlinguam,autoculos,autquaetibimembmpudonm

436 3460 703 3559 Abstulerunt,
719 3460 820 3535 ferro
833 3463 977 3559 rapiam
995 3490 1003 3536 :
1018 3473 1086 3535 aut
1096 3487 1165 3559 per
1177 3460 1338 3534 vulnera
1352 3458 1454 3534 mille

435 3585 1536 3689 Sontemanimamexpellam.Magnum,quodcumq;paraui.

481 3748 489 3777 ¹
510 3743 694 3800 L’emharras
714 3753 743 3800 et
760 3743 789 3800 la
802 3743 894 3802 bonte
909 3743 946 3801 de
961 3743 1121 3801 Philomtle
1133 3743 1187 3819 qui
1205 3761 1236 3800 se
1251 3753 1316 3800 sent
1328 3741 1468 3816 coupable

436 3839 547 3918 malgre
560 3840 614 3898 elle
634 3859 739 3898 envers
757 3860 788 3899 sa
801 3859 897 3910 smus,
910 3841 1005 3918 etqui
1022 3860 1059 3898 ne
1071 3853 1144 3916 peut
1158 3838 1334 3918 s'erpliqrser
1347 3857 1405 3916 que
1416 3855 1469 3912 par

436 3939 488 3998 des
508 3939 604 4018 signes
622 3954 739 4012 muets,
762 3953 805 4000 est
822 3960 855 3999 ce
874 3963 932 4020 que
952 3943 995 4000 les
1014 3943 1149 4002 rhetenrs
1165 3942 1314 4020 appellent
1329 3941 1469 4016 l'etopte,

437 4038 531 4115 figure
545 4039 597 4114 qui
610 4040 692 4115 peint
704 4039 744 4098 les
759 4041 911 4108 affectione
923 4041 960 4098 de
972 4043 1069 4099 l'ame.
