3178 5312
455 585 524 660 138
569 595 652 657 ors
682 574 1123 656 remuneremus
1154 603 1379 684 u’ovmrr,

421 810 424 819 ,
452 752 589 838 Quaere
605 752 747 846 alium,
765 763 832 824 tue
847 775 963 847 quem
981 764 1160 825 moveant
1175 753 1379 854 miracula,
1398 755 1497 830 dixit

452 885 655 978 Thescelus
673 915 681 959 ε
701 897 820 982 utque
837 909 953 956 manu
969 884 1136 979 jaculum
1150 883 1258 960 fatale
1272 891 1426 986 parabat

324 1041 327 1054 ·
451 1016 621 1111 Mittere,
640 1014 683 1086 in
698 1013 771 1086 hoc
787 1011 897 1086 haesit
913 1011 1062 1108 signum
1079 1013 1127 1086 de
1140 1039 1329 1090 marmore
1340 1029 1446 1114 gestu
1461 1023 1485 1091 ¹.

452 1113 655 1216 Proriimus
671 1143 765 1216 huic
780 1141 935 1237 Ampyx
952 1165 959 1212 :
978 1139 1099 1214 animi
1115 1141 1332 1238 plerussime
1347 1144 1474 1241 magni

453 1273 607 1346 Pectora
620 1273 798 1372 Lyncidae
815 1271 936 1370 gladio
952 1271 1046 1368 petit
1063 1300 1071 1348 z
1088 1273 1206 1370 inque
1222 1273 1386 1371 petendo

454 1405 620 1478 Dextera
632 1405 809 1504 diriguit,
827 1427 897 1476 nec
912 1403 1008 1476 citra
1023 1417 1141 1502 mota,
1161 1431 1231 1480 nee
1247 1409 1360 1483 ultre.

454 1529 504 1606 At
518 1534 665 1629 Nileus,
685 1535 754 1632 qui
770 1559 809 1606 se
823 1533 993 1630 genitum
1007 1538 1249 1636 septemplice
1259 1534 1346 1612 Nilo

454 1668 668 1741 Ementitus
684 1677 780 1762 eret,
797 1665 928 1764 clypeo
942 1691 1096 1766 quoque
1109 1669 1270 1744 flumine
1285 1683 1427 1768 septem

455 1795 618 1893 Argento
633 1794 791 1893 partim,
807 1795 947 1891 partim
965 1797 1160 1870 cteluverat
1173 1823 1267 1871 auro
1280 1828 1290 1894 3

455 1928 614 2026 Aspice,
633 1927 704 2023 ait,
725 1928 862 2000 Perseu
872 1982 882 2024 ,
902 1941 1040 2001 nostree
1059 1929 1268 2027 primordia
1283 1930 1426 2028 gentis:

456 2062 589 2160 Magne
606 2060 700 2135 feres
716 2062 844 2134 tacitas
861 2060 990 2135 solatia
1004 2064 1139 2138 mortis
1153 2063 1199 2136 atl
1217 2065 1392 2158 umbras,

457 2191 490 2265 A
504 2204 609 2266 tanto
626 2193 801 2267 cecidisse
818 2193 903 2267 viro
926 2219 934 2267 ε
953 2219 1039 2291 pars
1055 2195 1192 2268 ultime
1206 2189 1310 2268 vocis

457 2320 503 2394 ln
520 2319 647 2393 medio
660 2345 860 2417 suppressa
876 2345 968 2395 sono
985 2333 1040 2395 est
1061 2351 1068 2395 :
1085 2322 1336 2420 adapertaque
1347 2321 1443 2396 velle

458 2452 535 2526 Ora
548 2451 655 2547 loqui
672 2451 821 2547 credas,
841 2477 912 2526 nec
925 2465 1016 2528 sunt
1032 2479 1075 2528 ea
1090 2454 1222 2552 pervia
1235 2455 1375 2529 verbis.

507 2585 680 2682 Increpat
692 2583 762 2658 hos
771 2616 781 2680 3
797 2585 978 2683 Vitioque
990 2583 1129 2683 animi,
1146 2611 1226 2660 non
1235 2585 1423 2681 crinibus,
1437 2579 1555 2678 inquit,

459 2717 664 2813 Gorgoneis
678 2721 851 2816 torpetis,
870 2719 977 2816 Eryx
995 2747 1003 2792 τ
1023 2718 1209 2792 incurrite
1226 2741 1376 2792 mecum
1391 2723 1424 2812 ¹3

459 2851 507 2924 Et
523 2852 747 2947 prosternite
761 2852 872 2925 humi
886 2855 1066 2948 juvenem
1080 2853 1221 2950 magica
1232 2877 1337 2926 erma
1349 2858 1556 2946 moventem·

460 2980 691 3052 Incursurus
705 2991 784 3053 erat
803 3009 810 3054 :
829 2979 955 3052 tenuit
969 2979 1126 3076 vestigia
1142 2976 1252 3051 tellus
1261 3007 1271 3074 3

462 3110 722 3207 Immotusque
740 3112 855 3208 silex,
875 3124 1092 3210 armataque
1109 3113 1248 3187 mansit
1265 3113 1398 3211 imago.

510 3243 562 3315 lli
575 3255 701 3315 tamen
717 3267 766 3315 ex
782 3242 919 3315 merito
932 3267 1086 3338 poenam
1101 3241 1270 3336 subiere,
1288 3240 1354 3316 sed
1371 3265 1471 3314 unus

462 3376 570 3450 Miles
586 3387 666 3448 erat
677 3374 821 3470 Persei,
836 3399 907 3471 pro
922 3399 999 3471 quo
1016 3374 1282 3472 dumlpugnat,
1301 3373 1500 3464 Aconteus,
1576 3397 1577 3429 t

460 3508 634 3605 Gorgone
647 3507 861 3605 conspecti,
878 3533 968 3581 saxo
983 3504 1177 3588 concrevit
1191 3505 1336 3578 oborto.

1575 3637 1576 3691 l

504 3741 513 3772 ¹
539 3736 691 3794 Thescelus
700 3735 743 3792 itti
752 3737 782 3793 in
794 3747 921 3793 statuam
931 3752 1128 3792 marmoream
1139 3713 1361 3800 estromenta,
1374 3741 1406 3788 ut
1414 3727 1494 3786 tetum

462 3836 591 3893 cecinere
603 3837 681 3890 velte
694 3834 840 3890 videatur.

505 3937 518 3969 ¹
542 3937 573 3992 N
572 3955 609 3990 ou
623 3933 733 3990 viribus
745 3934 890 4009 Gorgonei
899 3935 1002 4010 capitis
1006 3935 1091 4011 pigri
1100 3933 1166 3990 estis
1176 3943 1206 3990 et
1213 3927 1385 3988 irnmcbt'lcs.
1397 3925 1492 4002 Impe-

463 4043 523 4088 tum
537 4032 567 4086 in
578 4032 715 4088 Perseum
729 4031 951 4104 irrecumfacite.
