3210 5324
439 561 509 636 258
554 577 638 632 aas
669 545 1109 631 udrauonruoses
1138 567 1369 644 n‘ovinn,

553 771 602 844 X.
630 769 812 870 Agrestes
826 793 853 840 a
866 769 1020 840 Latona
1033 767 1074 838 in
1087 792 1206 840 ranas
1219 769 1366 842 mutati.

484 977 647 1064 Uroun
663 975 724 1073 fit,
742 1002 765 1049 a
779 973 878 1049 facto
892 973 1070 1073 propiore
1085 974 1264 1072 propiora
1279 983 1491 1048 renarrant.

433 1105 466 1181 E
482 1106 622 1206 quibus
637 1129 739 1179 unus
752 1103 805 1178 ait
822 1133 830 1179 :
848 1103 974 1203 Lyciae
988 1129 1142 1202 quoque
1154 1103 1289 1179 fertilis
1301 1105 1397 1203 agris

433 1235 547 1310 Haud
564 1237 723 1333 impune
736 1235 855 1308 Deam
870 1245 1016 1306 veteres
1031 1235 1206 1332 sprevere
1222 1235 1360 1309 coloni«.

435 1366 509 1442 Res
526 1371 685 1443 obscura
698 1367 854 1467 quidem
869 1377 923 1440 est
936 1367 1166 1464 ignobilitate
1180 1368 1372 1460 virorum3

432 1498 533 1574 Mira
545 1512 683 1572 tamen.
703 1497 794 1571 Vidi
807 1523 971 1594 praesens
986 1509 1234 1596 stagnumque
1251 1498 1455 1595 lacumque

431 1626 610 1726 Prodigio
627 1637 762 1700 notum
785 1654 793 1699 :
813 1651 903 1698 nam
917 1626 1066 1720 mejam
1082 1623 1258 1723 grandior
1273 1648 1376 1720 sevo,

432 1758 714 1854 Impatiensque
727 1754 820 1851 viae,
837 1753 983 1852 genitor
995 1753 1180 1828 deducere
1193 1755 1307 1828 lectos

432 1886 457 1959 J
459 1896 600 1958 usserat
613 1883 703 1956 inde
721 1884 836 1956 boves
844 1912 855 1979 3
870 1883 1066 1980 gentisque
1081 1883 1184 1956 illius
1199 1881 1307 1956 eunti

434 2017 519 2114 lpse
536 2017 673 2091 ducem
690 2015 844 2090 dederat
864 2045 872 2090 :
890 2041 978 2088 cum
992 2015 1178 2112 quodum
1191 2039 1327 2113 pascua
1337 2011 1480 2104 lustro,

433 2147 527 2222 Ecce
541 2147 643 2222 lacius
659 2147 803 2246 medio,
823 2173 1016 2224 sacrorum
1032 2151 1138 2246 nigra
1150 2147 1296 2244 favilla,

346 2267 349 2280 ¹
434 2274 511 2350 Ara
527 2287 638 2350 vetus
651 2277 790 2372 stabat,
808 2277 982 2350 tremulis
997 2278 1226 2354 circumdata
1238 2276 1382 2352 cannis.
1519 2371 1523 2380 Ι

433 2409 585 2483 Restitit
594 2441 604 2506 3
622 2423 659 2483 et
667 2406 827 2507 pavido,
843 2409 980 2482 Faveas
994 2390 1109 2506 mihi,
1128 2391 1328 2484 murmure
1341 2405 1446 2480 dixit

432 2537 526 2612 Dux
538 2564 645 2610 meus
663 2567 671 2611 ε
687 2549 724 2610 et
737 2519 873 2632 simili,
890 2536 1046 2633 Faveas,
1062 2561 1127 2633 ego
1143 2563 1342 2612 murmure
1357 2535 1458 2612 dixi

432 2663 636 2760 Naiadum,
653 2664 773 2738 Fauni
790 2689 859 2761 ne,
876 2663 974 2738 foret
987 2677 1116 2740 tamen
1132 2693 1196 2740 ara
1211 2667 1405 2766 rogam,

432 2797 672 2896 Indigenaene
686 2797 778 2892 Dei3
796 2799 886 2870 ciam
900 2796 988 2870 talia
1003 2796 1169 2872 reddidit
1182 2799 1330 2898 hospes.

431 2926 518 3000 Non
530 2926 621 3025 hac,
637 2927 679 3000 d!
699 2925 871 3024 juvenis,
889 2939 1117 3002 montanum
1130 2953 1276 3004 numen
1289 2929 1332 3002 in
1344 2926 1409 3000 ard
1427 2939 1496 3002 est.

431 3057 500 3132 Illa
515 3084 622 3132 suam
641 3070 750 3131 vocat
765 3057 883 3156 hane,
903 3059 965 3132 cui
983 3060 1176 3157 quondam
1192 3063 1292 3160 regia
1304 3062 1327 3138 J
1329 3087 1407 3136 uno
1426 3069 1435 3098 ¹

431 3190 533 3265 Orbe
548 3187 769 3262 interdixit:
790 3213 905 3286 quam
922 3193 991 3262 vix
1008 3191 1165 3264 erratica
1179 3191 1292 3265 Delos

431 3321 615 3395 Orantem
629 3320 789 3417 accepit,
809 3331 893 3394 tum
911 3323 999 3396 ciani
1015 3313 1110 3397 le'vis
1125 3322 1248 3396 insula
1264 3324 1388 3398 nabat.

429 3447 531 3543 Illic,
548 3447 773 3520 incumbens
790 3473 880 3522 cum
896 3447 1054 3522 Palladis
1070 3451 1203 3524 arbore
1217 3450 1381 3548 palmae„

429 3573 559 3648 Edidit
574 3575 697 3650 invita
711 3577 879 3674 geminos
894 3577 1037 3651 Latona
1052 3579 1227 3656 noverea.

476 3707 578 3782 Hinc
591 3735 745 3806 quoque
757 3712 778 3784 J
780 3737 949 3785 unonem
963 3710 1100 3810 fugisse
1113 3736 1298 3812 puerpera
1310 3710 1452 3810 fertur,

473 3885 483 3918 ¹
508 3888 586 3945 Iuno
597 3887 662 3944 crim
673 3891 830 3946 rescivisset
838 3893 984 3949 Latonam
996 3911 1035 3948 ex
1044 3895 1116 3950 Jove
1128 3895 1292 3970 concepisse
1296 3932 1306 3961 ,
1318 3894 1401 3949 illum
1408 3911 1473 3969 per

426 3993 517 4041 totum
525 3997 666 4042 cenarum
676 3987 775 4046 orbem
785 3989 954 4066 exagitavit,
962 3990 1004 4048 sic
1012 3995 1469 4072 utnusquampossetcomisoem.
1586 3989 1587 4077 1
