3170 5304
384 542 1433 616 w*—

698 739 977 859 LIBER
1018 734 1122 852 VI.

570 1003 601 1076 Ι.
629 997 844 1072 Minervam
860 987 1041 1062 Arachne
1047 995 1240 1082 provocat.

389 1189 435 1298 P
435 1243 462 1294 u
468 1236 684 1294 AEuunnnr
700 1206 810 1282 dictis
822 1201 996 1276 Tritonia
1008 1199 1147 1272 talibus
1160 1221 1310 1291 aurem3

390 1357 640 1448 carminaque
653 1339 866 1432 Aonidum,
882 1335 1096 1429 justamque
1112 1328 1335 1426 probaverat
1348 1325 1455 1396 iram.

389 1496 492 1570 Tum
505 1509 650 1574 secum3
665 1471 836 1551 Laudare
849 1489 986 1563 parum
1002 1473 1057 1534 est
1065 1517 1076 1558 ,
1085 1457 1286 1532 laudemur
1299 1467 1337 1527 et
1348 1453 1458 1550 ipsae:

389 1624 557 1706 Numina
569 1640 640 1692 nec
653 1604 782 1706 sperni
795 1601 877 1674 sine
889 1593 1004 1695 poenal
1017 1603 1145 1665 nostra
1161 1589 1343 1662 sinamus.

391 1753 638 1846 Maeoniaeque
651 1737 826 1814 animum
835 1727 920 1804 fatis
933 1722 1101 1798 intendit
1113 1721 1322 1815 Arachnes,

392 1893 517 1978 Quam
530 1881 603 1956 sibi
614 1870 773 1948 lanificae
785 1887 867 1937 non
879 1856 1010 1932 cedere
1026 1849 1203 1928 laudibus
1216 1849 1306 1921 artis

307 2053 308 2056 ¹
395 2013 588 2091 Audierat.
604 2005 691 2081 Non
705 1997 771 2072 illa
783 1993 885 2087 loco,
901 2013 973 2062 nec
986 1984 1132 2083 origiue
1144 1981 1262 2080 gentis

395 2145 519 2234 Clam,
534 2133 598 2210 aed
615 2140 712 2222 arte,
727 2121 814 2196 fuit.
834 2117 942 2190 Pater
950 2112 1045 2186 huie
1054 2105 1312 2204 Colophonius
1320 2103 1461 2211 Idmon

394 2272 577 2348 Phocaico
589 2255 738 2335 bibulas
750 2246 915 2344 tingebat
931 2239 1076 2315 murice
1088 2239 1203 2310 lanas.
1337 2247 1342 2256 ·

398 2399 596 2482 Occiderat
608 2399 728 2466 mater
744 2412 753 2458 :
770 2378 834 2455 sed
850 2388 887 2450 et
899 2374 981 2447 haec
995 2371 1043 2444 de
1058 2369 1185 2466 plebe,
1202 2391 1347 2462 suoque

400 2535 525 2630 AEqua
536 2526 623 2600 viro
634 2520 769 2594 fuerat.
787 2507 910 2607 Lydas
924 2516 1052 2578 tamen
1065 2499 1130 2573 illa
1143 2522 1211 2595 per
1223 2498 1336 2570 urbes

400 2660 610 2750 Quaesierat
623 2645 750 2723 studio
762 2661 906 2716 nomen
919 2629 1180 2725 memorabile,
1196 2624 1372 2724 quamvis

403 2799 497 2873 Orta
508 2789 623 2865 domo
639 2777 774 2881 parret,
794 2769 921 2870 parnis
933 2763 1125 2841 habitabat
1137 2758 1328 2856 Hypaepis.

404 2927 529 3022 Hujus
542 2929 587 2993 ut
602 2911 810 3010 aspicerent
822 2923 917 2998 opus
930 2892 1170 2986 admirabile,
1189 2913 1286 2986 saepe

407 3049 615 3134 Deseruere
629 3043 690 3118 sui
701 3032 888 3134 Nymphae
903 3029 1031 3100 vineta
1042 3019 1196 3121 Tymoli
1213 3027 1241 3114 ¹3

408 3180 615 3264 Deseruere
631 3197 715 3248 suas
731 3161 919 3263 Nymphae
933 3152 1138 3230 Pactolides
1153 3148 1286 3223 undas.

409 3317 485 3391 Nec
501 3311 612 3386 factas
626 3302 750 3376 sellun
765 3303 885 3368 vestes
901 3297 1065 3386 spectare
1080 3281 1254 3378 juvabat3

411 3451 515 3524 Tum
527 3463 698 3540 quoque,
715 3433 804 3506 cinn
817 3427 972 3518 fierent3
987 3427 1116 3492 tantus
1125 3413 1236 3486 decor
1249 3403 1372 3479 adfuit
1381 3401 1456 3476 arti
1470 3405 1479 3474 l

414 3577 503 3654 Sive
517 3569 651 3647 rudem
664 3563 807 3662 primos
820 3557 945 3629 lanam
957 3544 1183 3647 glomerabat
1197 3539 1237 3611 in
1252 3535 1380 3629 orbes,

416 3705 491 3780 Seu
505 3697 629 3798 digitis
641 3691 802 3790 fingebat
815 3711 927 3784 opus,
943 3678 1174 3777 repetitaque
1187 3671 1298 3765 longo

460 3875 470 3904 ¹
491 3868 534 3924 La
549 3858 706 3939 repetition
719 3848 869 3910 deseruere
877 3887 887 3916 ,
905 3843 978 3901 dans
990 3859 1037 3896 ces
1053 3853 1120 3894 vers
1133 3831 1154 3888 si
1171 3825 1361 3886 ressemblans
1371 3831 1456 3880 entre

420 3984 476 4024 eux
486 3981 541 4040 pur
552 3961 617 4016 leur
627 3956 740 4012 facture
749 3943 938 4026 armenique,
947 3957 964 3996 a
974 3955 1016 3994 un
1025 3935 1140 3992 charme
1151 3923 1320 4002 particulier
1331 3937 1371 3976 au
1382 3915 1459 3992 styla

421 4077 449 4126 ot
465 4083 504 4124 aa
518 4059 600 4140 genie
614 4049 749 4114 d'Ovide.
