3170 5304
406 513 478 624 2r6
520 531 605 587 aas
635 503 1073 586 ndrauoaruosns
1104 525 1331 604 movinr,

404 679 488 754 Illic
500 691 538 753 at
551 681 699 780 lentum
714 676 787 750 iilis
803 673 1027 749 immittitur
1038 700 1199 773 aurum,

406 806 453 878 Et
466 819 576 880 vetus
589 805 632 880 in
647 801 721 876 tela
736 801 939 876 deducitur
951 815 1228 900 argumentum.

487 999 567 1076 111.
598 946 726 1098 Operis
741 1022 767 1070 a
785 997 962 1071 Minerva
975 994 1132 1097 conficti
1143 937 1350 1096 discriptio.

450 1192 687 1266 Cronorrn
702 1191 820 1263 Pallas
835 1189 1034 1287 scopulum
1051 1190 1233 1265 Mavortis
1249 1190 1292 1264 in
1305 1213 1388 1266 arce

399 1321 547 1419 Pingit,
564 1333 602 1394 ot
619 1319 814 1417 antiquam
831 1318 880 1392 de
897 1330 1007 1393 terrae
1021 1297 1309 1394 nominantem.

400 1452 463 1525 Bis
482 1477 549 1524 sex
562 1451 757 1544 Caelestes,
775 1447 901 1521 medio
915 1449 1029 1543 Jove,
1049 1447 1200 1521 sedibus
1216 1448 1300 1522 altis

398 1577 566 1674 Augusti
578 1577 757 1674 gravitate
770 1572 900 1648 sedent
917 1601 924 1644 :
941 1598 1009 1644 sua
1022 1599 1213 1670 quemque
1228 1574 1393 1647 Deorum

369 1771 373 1778 .
398 1709 576 1782 Inscribit
588 1707 711 1782 facies.
729 1705 835 1780 Jovis
851 1716 906 1778 est
918 1703 1049 1802 regalis
1065 1705 1201 1802 imago.

398 1841 504 1912 Stare
516 1839 642 1912 Deum
658 1838 795 1936 pelagi,
813 1837 1001 1935 longoque
1014 1835 1127 1912 ferire
1144 1836 1309 1910 tridente

398 1967 541 2065 Aspera
554 1966 763 2064 saxafacit,
782 1965 985 2064 medioque
998 1993 1019 2040 e
1031 1969 1191 2041 uulnere
1205 1969 1285 2041 saxi
1330 1955 1333 1966 ⁵

398 2095 606 2170 Exsiluisse
620 2094 764 2191 ferum3
780 2121 858 2192 quo
870 2095 1026 2192 pignore
1039 2093 1209 2168 vindicet
1220 2097 1365 2169 urbem.

397 2225 449 2302 At
464 2225 538 2298 sibi
550 2225 614 2298 dat
626 2224 821 2323 clypeum,
840 2222 904 2296 dat
918 2235 1036 2296 acutae
1050 2221 1215 2321 cuspidis
1232 2223 1391 2298 hastam:

395 2356 471 2430 Dat
486 2354 626 2451 galeam
640 2355 752 2453 capiti
766 2352 1005 2430 :defenditur
1019 2352 1135 2450 aegide
1148 2363 1289 2450 pectus.

394 2487 690 2584 Percussamque
707 2486 775 2560 sud
789 2486 943 2561 simulat
956 2486 1004 2560 de
1018 2486 1172 2584 cuspide
1185 2497 1323 2560 tanam

393 2620 558 2695 Prodere
571 2647 661 2696 oum
675 2621 796 2693 beoois
812 2620 949 2694 foetum
963 2619 1132 2693 canentis
1150 2617 1282 2714 olivae,

393 2750 603 2847 Mirarique
620 2751 730 2824 Deos.
752 2749 868 2848 Operi
885 2750 1044 2825 victoria
1060 2750 1160 2824 finis.

394 2877 446 2952 Ut
461 2892 589 2954 tamen
602 2878 785 2977 exemplis
798 2878 979 2978 intelligat
992 2881 1129 2954 aemula
1141 2875 1284 2974 laudis,

394 3007 507 3097 Quod
521 3009 687 3105 pretium
701 3019 825 3104 speret
837 3033 906 3105 pro
919 3020 997 3082 tam
1009 3007 1211 3082 firrialibus
1223 3005 1342 3103 ausis3

391 3139 582 3226 Quattuor
594 3135 637 3208 in
648 3145 772 3232 partes
785 3138 989 3211 certarnina
1002 3150 1183 3234 quattuor
1194 3135 1316 3234 addit,

390 3268 498 3342 Clara
510 3267 633 3341 colore
648 3293 737 3364 su0,
756 3267 933 3341 brevibus
947 3265 1124 3382 distincta
1137 3269 1281 3367 sigillis.

389 3395 605 3471 Threiciam
619 3395 829 3494 Rhodopen
844 3397 958 3472 habet
971 3399 1131 3498 angulus
1145 3412 1291 3476 unuset
1304 3399 1466 3474 Haemon
1479 3435 1491 3500 3

387 3527 500 3604 Nunc
512 3525 651 3626 gelidos
664 3542 830 3628 montes,
847 3533 1021 3606 mortalia
1033 3557 1190 3629 corpora
1204 3530 1417 3628 quondam3

385 3655 551 3733 Nomina
564 3682 804 3733 summorum
818 3661 890 3734 sibi
904 3663 973 3758 qui
987 3663 1154 3736 tribudre
1168 3665 1349 3738 Deorum.

436 3783 563 3859 Altera
576 3784 757 3884 Pygmaeae
771 3787 892 3863 fatum
910 3787 1121 3866 miserabile
1135 3789 1266 3865 matris

252 3977 255 4010 ,
385 3917 473 3992 Pars
486 3915 601 3993 habet
619 3947 626 3994 :
643 3917 743 3994 hauc
755 3921 778 3995 J
780 3946 858 3996 uno
873 3923 1012 3998 victam
1028 3921 1232 3998 certamine
1247 3918 1359 4018 jussit
