3214 5300
434 507 482 584 58
548 521 632 577 aas
662 491 1105 574 adnumeremus
1136 513 1367 588 novior,
1464 473 1465 482 Ν

433 668 534 746 Utve
549 668 670 743 solent
686 665 837 740 hederae
852 664 981 762 longos
995 663 1166 737 intexere
1181 676 1359 760 truncos3

432 797 561 896 thue
576 798 647 870 sub
660 791 878 892 aequoribus
893 790 1122 890 deprensum
1138 791 1302 890 polypus
1314 790 1458 867 hostem

432 929 628 1026 Continet,
644 954 693 1002 ex
708 923 816 1000 omni
828 922 992 999 dimissis
1004 934 1109 1022 parte
1124 922 1289 1020 flagellis.

429 1061 575 1139 Perstat
589 1057 819 1134 Atlantiades
836 1061 867 1153 ¹,
887 1065 1105 1153 sperataque
1118 1051 1252 1152 gaudia
1265 1051 1452 1152 Nympha

300 1241 304 1254 ·
430 1192 599 1290 Denegat
615 1218 623 1263 ε
640 1189 710 1262 illa·
716 1183 875 1284 premit,
894 1181 1165 1280 commissaque
1178 1207 1335 1279 corpore
1347 1191 1426 1254 toto

432 1320 540 1395 Sicut
551 1319 779 1414 inhaerebat,
799 1315 945 1410 Pugnes
957 1313 1068 1409 licet,
1083 1314 1274 1412 improbe,
1292 1312 1411 1409 dixit,

431 1453 518 1533 Non
532 1465 658 1527 tamen
673 1451 836 1546 effugies.
852 1449 928 1546 lta,
943 1447 1015 1543 Di,
1032 1446 1190 1544 jubeatis
1199 1477 1209 1543 3
1227 1459 1264 1520 et
1279 1447 1398 1520 istum

430 1587 545 1667 Nulla
556 1588 636 1662 dies
648 1613 671 1661 a
683 1612 763 1684 me,
782 1584 852 1658 nec'
865 1611 926 1658 me
939 1583 1092 1658 seducat
1103 1584 1150 1657 ab
1163 1583 1247 1656 isto.
1369 1632 1373 1638 ·

432 1723 529 1800 Vota
543 1745 630 1795 suos
646 1718 813 1794 habuere
829 1719 928 1796 Deos
946 1745 954 1790 :
974 1741 1063 1790 nam
1077 1717 1199 1790 mixta
1213 1715 1382 1789 duorum

432 1857 598 1953 Corpora
613 1856 847 1951 junguntur,
867 1848 1053 1947 faciesque
1068 1839 1267 1921 inducitur
1280 1845 1356 1919 illis

432 1986 518 2061 Una
538 1987 670 2063 :velut
686 1985 718 2059 si
731 1983 834 2083 quis,
852 1981 1038 2056 conductd
1050 1985 1206 2075 cortice,
1224 1967 1348 2052 ramos

432 2114 640 2192 crescendo
652 2115 781 2212 jungi,
799 2113 1015 2210 pariterque
1027 2111 1233 2184 adolescere
1246 2097 1400 2183 cernat.-

431 2250 494 2324 Sic
509 2247 578 2320 ubi
592 2245 791 2342 complexu
806 2248 980 2316 coierunt
995 2244 1164 2318 membra
1179 2241 1320 2338 tenaci,

432 2383 510 2460 Nee
522 2380 601 2452 duo
608 2387 716 2473 sunt,
735 2387 772 2447 et
785 2373 906 2450 forma
918 2374 1061 2473 duplex
1077 2403 1085 2449 :
1101 2401 1170 2449 nec
1179 2373 1336 2450 foemina
1348 2372 1447 2469 dici,

432 2514 610 2608 Necpuer
616 2505 810 2604 utpossint
819 2533 826 2579 :
835 2518 1092 2604 neutrumque
1098 2491 1138 2580 et
1141 2519 1350 2605 utrumque
1356 2503 1537 2582 videntur.

430 2647 528 2744 Ergo
542 2644 611 2716 ubi
623 2667 662 2716 se
674 2641 859 2739 liquidas,
875 2643 952 2738 quo
963 2641 1025 2715 vir
1038 2641 1297 2739 descenderat,
1315 2641 1437 2716 undas

433 2778 678 2852 Semimarem
690 2774 817 2850 fecisse
830 2774 954 2872 videt,
971 2774 1189 2873 mollitaque
1206 2777 1247 2848 in
1264 2775 1339 2849 illis

433 2907 620 3003 Membra3
636 2932 771 2980 manus
783 2905 959 3002 tendens,
978 2907 1040 2980 sed
1054 2909 1129 3003 jam
1143 2934 1222 2980 non
1236 2891 1330 2982 voce
1342 2905 1467 3002 virili,

432 3033 773 3133 Hermaphroditus
788 3035 857 3131 ait,
876 3037 971 3108 Nato
984 3035 1070 3108 date
1084 3062 1245 3110 munera
1257 3049 1402 3134 vestr0,
1580 3043 1581 3048 ’

431 3163 480 3238 Et
496 3175 600 3260 pater
614 3173 651 3234 et
666 3162 849 3260 genitrix,
868 3164 1067 3236 amborum
1081 3188 1221 3238 nomen
1238 3161 1414 3260 habenti,

431 3295 614 3392 Quisquis
630 3296 673 3369 in
687 3295 757 3370 hos
773 3295 894 3370 fontes
906 3296 969 3370 vir
981 3296 1148 3394 venerit,
1169 3308 1275 3370 exeat
1288 3295 1378 3370 inde

432 3422 597 3498 Semivir
618 3451 625 3496 :
644 3436 681 3498 et
695 3426 802 3498 tactis
816 3426 941 3499 subito
954 3426 1143 3502 mollescat
1155 3427 1197 3500 in
1205 3426 1337 3500 tundis.

430 3557 558 3632 Motus
572 3569 733 3654 uterque
750 3583 885 3654 parens
902 3557 982 3631 nati
996 3569 1076 3630 rata
1089 3571 1175 3632 vota
1192 3554 1365 3632 biformis

431 3686 550 3782 Fecit,
569 3698 606 3758 et
619 3686 763 3759 ince1to
777 3685 920 3759 fontem
935 3683 1184 3759 medicamine
1199 3683 1328 3757 tinxit.

475 3883 484 3914 ¹
510 3881 593 3938 Atlas
606 3882 678 3939 enit
693 3881 720 3938 le
733 3881 855 3938 bisaieul
870 3882 1011 3939 maternal
1024 3881 1318 3958 d’Hermophrodite‚
1334 3877 1469 3956 petit-fils

431 3981 468 4039 de
482 3983 576 4049 Maia,
591 3979 671 4037 mere
684 3975 721 4036 de
733 3981 880 4037 Mercure.

455 4174 466 4216 t
