3178 5312
428 521 498 618 rte
534 501 625 614 'nes
654 529 1094 613 ntrsnonrnosss
1121 553 1347 634 n’ovrnr,

361 711 365 720 ’
421 701 550 776 Fontis
567 729 574 774 :
591 711 627 773 et
642 697 688 770 sd
701 695 826 788 latices
839 691 993 766 deducit
1004 694 1154 768 Pallada
1165 723 1300 776 sacros.

422 828 517 914 Quae
530 825 664 898 mirata
676 819 745 894 diu
761 818 872 909 fsotss
884 819 990 918 pedis
1002 819 1141 896 ictibus
1156 823 1297 923 undas,

420 959 611 1034 Silvarum
625 954 731 1028 lucos
748 951 1004 1048 circumspicit
1019 953 1288 1052 antiquarum,

417 1089 627 1184 Antraque,
646 1061 684 1158 et
696 1082 909 1159 innumeris
924 1080 1117 1156 distinctas
1134 1083 1293 1158 floribus
1308 1084 1447 1161 herbas
1469 1114 1477 1160 :
1536 1121 1539 1124 ·

418 1215 630 1312 Felicesque
641 1225 749 1288 vocat
764 1211 904 1310 pariter
917 1211 1110 1310 studiique
1124 1215 1272 1312 locique
1289 1223 1297 1252 ¹

416 1349 687 1424 Mnemonidas.
705 1348 829 1435 Quom
843 1345 896 1420 sic
908 1345 1016 1420 affata
1029 1360 1084 1420 est
1099 1374 1177 1421 uno
1192 1349 1387 1426 Sororum.
1409 1406 1412 1414 .

300 1573 305 1582 “
415 1559 510 1636 VII.
536 1559 603 1636 Ab
625 1563 679 1633 eis
700 1555 871 1631 edocetur
887 1557 1300 1659 quamobremsormam
1312 1561 1459 1636 Avium

786 1693 1067 1788 assumpserint.

464 1902 498 1976 Ο
513 1904 522 1975 !
543 1899 667 1973 uisite
679 1899 804 1973 virtus
819 1923 933 1996 opera
946 1897 992 1973 ad
1009 1899 1151 1995 majora
1166 1899 1331 1998 tulisset,

413 2031 459 2105 In
475 2043 619 2128 partem
633 2040 796 2104 ventura
813 2028 921 2102 chori
933 2027 1106 2103 Tritonia
1120 2033 1259 2126 nostri,
1389 2007 1396 2015 ⁵

413 2161 510 2234 Vere
522 2149 658 2258 refers,¹
672 2159 884 2256 meritoque
896 2159 1030 2257 probas
1047 2171 1218 2255 artesque
1231 2159 1436 2256 locumque
1454 2189 1462 2234 :

413 2291 612 2389 Etgratam
626 2305 785 2388 sortem,
801 2301 894 2364 tutce
907 2289 1020 2364 modd
1034 2289 1169 2386 simus,
1184 2290 1379 2366 habemus.

399 2421 503 2522 'Sed„
522 2423 684 2500 vetitum
701 2435 755 2496 est
772 2420 864 2497 adeo
880 2421 1009 2496 sceleri
1024 2421 1125 2496 nihil
1142 2449 1150 2496 :
1167 2425 1295 2510 omnia
1307 2437 1454 2500 terrent

410 2551 603 2651 Virginees
617 2564 761 2627 mentes
781 2579 789 2624 :
810 2548 993 2647 dirusque
1011 2559 1098 2621 ante
1113 2571 1180 2622 ore
1192 2547 1386 2648 Pyreneus

414 2680 601 2780 Vertitur,
618 2695 655 2757 et
672 2681 846 2756 nondum
862 2708 923 2755 me
939 2679 1018 2754 tott
1033 2693 1160 2754 mente
1177 2684 1312 2780 recepi.

411 2815 546 2890 Daulis
558 2813 736 2888 Threicio
751 2811 972 2911 Phoceaque
989 2809 1217 2886 militorum

411 2947 567 3046 Ceperat
581 2947 644 3020 ille
659 2947 786 3038 ferox,
806 2943 1021 3040 injustaque
1037 2967 1149 3041 regna
1159 2945 1322 3020 tenebat.

412 3078 568 3178 Templa
579 3079 797 3178 petebamus
811 3074 1013 3149 Parnasis:
1032 3075 1131 3152 vidit
1147 3090 1296 3180 euntes,

410 3205 617 3306 Nostraque
633 3205 755 3280 fallaci
768 3217 969 3280 veneratus
986 3205 1148 3280 numina
1161 3207 1286 3304 cultu3

382 3429 385 3435 A
412 3337 673 3416 Mnemonidas
692 3337 707 3436 (
716 3336 892 3436 cogndrat
904 3335 1031 3434 enim)
1048 3337 1257 3436 consistite,
1272 3333 1374 3412 dixit
1391 3367 1401 3413 ε

328 3491 334 3502 ·
365 3463 376 3524 ’-
413 3471 490 3550 Nec
502 3470 686 3568 dubitate,
701 3495 852 3568 precor,
867 3453 965 3544 tecto
978 3493 1089 3569 grave
1101 3469 1205 3546 sidus
1222 3483 1259 3546 et
1270 3470 1452 3572 imbrem,

414 3601 541 3678 Imber
554 3611 652 3700 erat,
670 3601 791 3677 vitare
801 3600 890 3679 'meo
908 3631 916 3675 :
935 3601 1084 3676 subiere
1100 3605 1266 3677 minores

462 3785 472 3814 ¹
490 3780 835 3845 Danslnraductionon
845 3800 863 3840 o
874 3781 1019 3844 substitue
1029 3781 1448 3844 l'exclemstioneutonrsim-
1547 3851 1551 3858 ¹

415 3879 545 3953 plenent
557 3881 700 3956 omitit,
715 3900 795 3962 pour
808 3883 924 3944 donner
935 3883 1003 3961 plus
1017 3881 1153 3944 d’inttrtt
1167 3883 1245 3943 etde
1258 3891 1447 3944 mouvement
1566 3907 1567 3951 t

417 3997 456 4036 {tt
470 3980 554 4060 style·
728 4011 743 4048 Ι
874 4019 880 4028 ·
1565 3977 1566 3986 ¹
