3178 5312
664 509 694 532 ὀ
708 524 713 532 .

429 577 1470 602 ...Μή-..1-

762 795 1040 910 LIBER
1080 797 1145 912 V.

457 1099 487 1174 I.
514 1103 694 1176 Perseum
712 1099 751 1168 in
772 1094 891 1166 medio
911 1095 1076 1166 convivio
1089 1106 1268 1190 provocat
1278 1095 1450 1164 Phineus

807 1221 1090 1323 Cepkeifiuter.

434 1439 654 1560 Dumque
668 1499 710 1546 ea
722 1468 944 1568 Cephenum
956 1469 1083 1544 medio
1094 1471 1283 1544 Danaeius
1298 1469 1412 1544 heros

434 1607 593 1706 Agmine
606 1612 895 1698 commemorat,
911 1599 1069 1675 fremitu
1081 1601 1215 1698 regalia
1227 1602 1350 1675 turbas

433 1735 540 1811 Atria
555 1731 793 1828 complentur
810 1757 818 1802 :
833 1753 903 1802 nec
914 1729 1137 1826 conjugialie
1148 1727 1240 1804 feste

433 1861 513 1950 Qui
526 1868 651 1953 canat,
670 1867 725 1929 est
737 1856 877 1958 clamor
885 1886 895 1950 3
911 1855 975 1928 sed
989 1856 1058 1953 qui
1073 1856 1151 1930 fera
1165 1855 1322 1930 nunciet
1333 1881 1449 1932 arms.

434 1992 555 2087 Inque
569 1983 785 2082 repentinos
799 1982 977 2056 convivia
990 2008 1098 2058 versa
1113 1987 1302 2059 tumultus

434 2115 664 2194 Assimulare
676 2111 773 2186 freto
786 2113 904 2210 possis
922 2113 1047 2211 :quod
1064 2141 1162 2190 sceva
1174 2116 1348 2214 quietum

433 2249 646 2323 Ventorum
660 2243 780 2316 rabies
794 2243 906 2316 motis
923 2256 1116 2342 exasperat
1131 2243 1257 2318 undis.

433 2378 587 2452 Primus
601 2375 644 2447 in
659 2372 721 2447 his
734 2373 923 2469 Phineus,
938 2373 1029 2448 belli
1042 2375 1263 2450 temerarius
1276 2389 1428 2474 auctor,

353 2525 361 2542 ·
434 2507 463 2582 F
464 2506 657 2581 raxineam
671 2501 843 2601 quatiens
855 2513 977 2576 aeratae
989 2503 1154 2600 cuspidis
1167 2504 1311 2578 hastam
1319 2536 1330 2602 3

436 2639 514 2732 En,
534 2637 586 2710 ait
602 2643 631 2730 ¹,
651 2661 699 2706 en
713 2631 845 2706 adsum
861 2645 1060 2739 praereptae'
1068 2634 1235 2731 conjugis
1252 2635 1366 2708 ultor.

436 2771 512 2846 Nec
525 2767 623 2844 mihi
633 2779 670 2840 te
680 2791 832 2862 pennae,
848 2791 918 2839 nec
930 2765 1066 2840 falsum
1079 2791 1210 2841 versus
1223 2767 1265 2839 in
1278 2793 1416 2842 aurum

326 2909 332 2914 '
437 2896 630 2993 luppiter,
649 2891 822 2988 eripient.
842 2891 1003 2965 Conanti
1016 2893 1166 2999 mittere
1176 2891 1365 2990 Cepheus,
1486 2983 1491 2990 υ

437 3025 540 3114 Quid
555 3025 669 3100 facis?
683 3023 883 3098 exclamat:
894 3033 1043 3119 quaete,
1061 3047 1254 3120 germane,
1272 3019 1466 3094 furentem

436 3158 543 3233 Mens
557 3155 629 3253 agit
642 3154 683 3227 in
697 3151 866 3227 facinus?
879 3151 1072 3225 meritisne
1084 3150 1166 3226 haec
1180 3149 1296 3248 gratia
1310 3148 1424 3222 tantis

438 3287 652 3361 Redditur?
666 3283 736 3358 hac
750 3284 869 3357 vitam
883 3293 1037 3356 servatae
1053 3280 1141 3354 dote
1156 3277 1357 3378 rependis?

438 3418 561 3505 Quam
576 3415 646 3488 tibi
661 3439 739 3487 non
752 3413 927 3512 Perseus,
942 3437 1078 3487 verum
1093 3414 1125 3486 si
1135 3413 1291 3511 quaeris,
1306 3410 1463 3506 ademit3

480 3601 490 3632 ¹
513 3597 555 3653 La
566 3591 722 3669 repttition
736 3591 773 3648 de
785 3593 812 3648 la
822 3593 964 3668 particule
976 3592 1164 3650 exclamative
1176 3591 1304 3668 exprime
1316 3591 1472 3665 l'indigna-

437 3698 500 3756 tion
515 3713 585 3752 avec
598 3693 688 3748 force.
709 3691 850 3748 L'idiome
866 3693 993 3768 trunonis
1010 3691 1091 3768 exige
1110 3711 1169 3750 une
1185 3703 1331 3751 tournnre
1345 3691 1470 3748 inverse.

437 3797 514 3854 C’est
527 3792 601 3853 nimi
614 3788 782 3868 qu'Athalie
794 3788 837 3845 dit
851 3808 889 3846 au
901 3789 1129 3869 grapd-prttre:

884 3918 918 3966 'l'e
932 3918 1008 3977 solli,
1020 3917 1158 3976 adducteur,

611 4001 648 4050 De
660 4001 773 4064 linguat,
784 3999 814 4049 de
826 4001 942 4066 eomplots
954 4003 1092 4064 perniciaux
1106 4010 1197 4047 autem.
