3210 5324
463 531 534 606 508
577 543 663 602 uns
690 512 1133 598 uisnuonenosns
1163 531 1381 610 novans,

461 694 660 790 Verbaque
673 703 732 764 ter
745 687 847 762 dixit
861 683 1028 783 placidos
1040 681 1217 756 facientia
1231 707 1392 776 somnos,
1556 750 1557 798 p

463 826 559 914 Quae
572 851 675 900 mare
687 823 903 915 turbatum,
919 841 1007 914 quae
1020 811 1475 899 concitafluminasistan13
1556 811 1557 832 ¹

463 957 841 1055 Somnnsinignotos
858 951 988 1026 oculos
997 949 1194 1048 subrepit:
1214 959 1251 1022 et
1265 973 1356 1021 aum
1557 938 1558 954 ¹

462 1087 582 1160 Heros
594 1084 774 1158 AEsonius
788 1081 935 1180 potitur
952 1107 961 1152 :
976 1077 1172 1176 spolioque
1184 1079 1381 1175 superbus,

461 1211 634 1286 Muneris
651 1217 659 1246 ¹
675 1219 867 1282 auctorem
881 1229 1030 1302 secum,
1048 1204 1167 1302 spolia
1181 1205 1316 1302 altera,
1329 1213 1475 1302 portans,
1520 1289 1523 1300 ι

461 1339 593 1416 Victor
604 1337 781 1416 Iolciacos
793 1334 915 1432 tetigit
928 1359 1018 1408 oum
1032 1335 1189 1431 conjuge
1204 1348 1347 1433 portus.

1560 1502 1561 1560 i

506 1569 591 1646 ΙΙΙ.
619 1569 740 1642 AEson
752 1567 778 1638 ὰ
792 1565 935 1638 Medea
949 1575 1141 1637 revocatus
1153 1509 1444 1662 adjacencium.

510 1783 766 1858 Hmssomn:
781 1785 918 1851 matres
933 1801 1006 1874 pro
1021 1776 1140 1874 gnatis
1156 1775 1257 1850 dona
1270 1775 1436 1874 receptis,

464 1908 746 2005 Grandaevique
758 1902 890 1980 ferunt
901 1917 1025 2006 patres
1045 1934 1054 1980 :
1073 1919 1320 2006 congestaque
1334 1903 1465 1980 flammi
1562 1878 1563 1950 i

464 2041 569 2116 'l'um
583 2035 807 2136 liquefiunt,
824 2034 1056 2135 inductaque
1069 2037 1248 2111 cornibus
1263 2062 1396 2111 numm

464 2171 631 2248 Victima
644 2181 734 2244 vota
746 2167 856 2242 cadit.
876 2167 949 2242 Sed
967 2170 1071 2243 abest
1085 2171 1319 2270 gratantibus
1331 2169 1452 2263 mon,

465 2303 550 2376 Jam
564 2300 720 2400 propior
734 2299 828 2396 leto,
842 2295 1037 2397 fessusque
1053 2301 1236 2375 senilibus
1248 2300 1359 2374 annis
1373 2307 1398 2374 ⁸.

516 2435 616 2508 Cism
632 2433 686 2507 sic
698 2430 895 2507 AEsonides
914 2461 922 2506 :
942 2433 1000 2507 0!
1017 2431 1081 2506 cui
1097 2431 1234 2507 debere
1247 2433 1404 2508 salutem

467 2562 677 2660 Confiteor,
694 2564 856 2660 conjux,
872 2586 1106 2660 quamquam
1120 2561 1219 2634 mihi
1231 2573 1368 2636 cuncta
1379 2553 1508 2648 dedisti,
1566 2630 1567 2678 p

470 2696 713 2792 Excessitque
728 2691 844 2766 fidem
860 2693 1086 2768 meritorum
1100 2719 1248 2767 summa
1265 2706 1435 2788 tuorum3

470 2827 512 2901 Si
521 2839 647 2902 tamen
654 2825 728 2898 hoc
734 2837 913 2922 possunt,
930 2825 1024 2923 quid
1034 2825 1138 2900 enim
1149 2811 1541 2924 noncasminaposunt

470 2958 589 3034 Deme
605 2954 699 3030 meis
716 2955 827 3028 annis
836 2985 847 3050 ;
867 2967 904 3028 et
916 2955 1061 3030 demtos
1075 2955 1170 3030 adde
1182 2957 1346 3055 parenti.

521 3088 597 3162 Neo
613 3086 739 3160 tenuit
750 3085 946 3184 lacrymas.
965 3086 1069 3195 Mota
1082 3097 1137 3160 est
1149 3087 1288 3184 pietate
1304 3085 1474 3185 mgantis,

471 3216 779 3313 Dissimilemque
791 3215 965 3290 animum
979 3216 1097 3290 subiit
1110 3215 1218 3290 AEeta
1230 3217 1397 3291 relictus.

472 3345 561 3436 Non
573 3356 700 3418 tamen
716 3341 870 3416 affectus
884 3344 975 3417 tales
991 3345 1178 3440 confessa,
1194 3345 1328 3443 Quod,
1347 3340 1479 3442 inquit,

475 3463 631 3553 Excido'
639 3502 704 3552 ore
717 3475 801 3574 pio,
818 3479 980 3576 conjux,
999 3477 1146 3554 scelus?
1157 3504 1243 3576 ergo
1255 3479 1432 3576 cuiquam

519 3677 529 3707 ¹
550 3674 690 3731 Medeam
706 3693 774 3750 quoe
792 3686 879 3732 ιιιιιιιν
895 3685 925 3732 ιι
939 3693 1031 3733 ιαιιιιι
1039 3676 1105 3749 fuit
1112 3715 1123 3745 ‚
1144 3689 1176 3734 ιιι
1193 3678 1287 3734 Iason
1304 3678 1411 3734 vellere
1425 3685 1498 3728 ascet

472 3772 626 3848 potiretur.

523 3873 536 3901 ¹
559 3869 633 3925 Hoec
648 3867 693 3925 ad
702 3869 916 3949 copulationem
934 3869 1076 3946 sequentis
1092 3869 1340 3947 Metamorphosis
1351 3875 1499 3926 nonanus

480 3969 544 4026 Diis
555 3981 651 4029 autem
663 3969 873 4048 sacnficabant
883 3981 990 4028 matres
995 3971 1259 4048 propterfils'orum
1270 3972 1407 4030 radim.
