3218 5342
407 583 481 679 574
524 603 610 659 eus
637 565 1077 656 uiouuoneuosus
1107 589 1335 668 D’ovlnu,

405 745 490 819 Neu
506 769 568 818 me
584 753 705 817 morte
722 736 789 811 sud
804 735 1024 810 sceleratum
1041 733 1205 830 deserat,
1220 759 1300 808 oro.

398 871 561 948 'Viribus
576 871 641 946 illa
652 894 800 964 uirens,
817 869 940 962 etjam
953 865 1201 963 moribunda,
1217 867 1334 965 codgit

406 1003 497 1080 Haee
509 1031 548 1078 se
561 1029 679 1102 pauca
690 999 796 1098 loqui
810 1028 817 1073 :
833 999 906 1072 Per
918 997 1038 1072 nostri
1052 995 1194 1072 foedera
1205 996 1311 1091 lecti,

404 1136 552 1232 Perque
565 1135 663 1208 Deos
676 1132 837 1231 supplex
850 1155 935 1226 oro,
951 1153 1198 1226 superosque,
1214 1145 1388 1220 meosque
1401 1125 1433 1213 ’ς

405 1265 477 1338 Per
489 1263 521 1336 si
534 1261 627 1361 quid
640 1263 765 1336 merui
777 1260 826 1334 de
837 1272 874 1333 te
886 1261 1003 1355 bene;
1018 1284 1161 1357 perque
1175 1265 1387 1334 manentem

404 1395 517 1469 Nunc
525 1420 627 1490 quoq
637 1423 647 1488 ;
658 1395 747 1466 cum
753 1417 879 1489 pereo,
889 1417 1037 1466 eausam
1045 1391 1144 1466 mihi
1153 1391 1300 1487 monis,
1311 1405 1480 1475 amorem5

406 1522 461 1596 Ne
477 1521 650 1594 thalamis
666 1519 809 1594 Auram
825 1520 966 1618 patiare
981 1519 1169 1594 innubere
1184 1518 1335 1592 nostris.

453 1651 586 1725 Dixit:
603 1662 641 1724 et
656 1676 822 1725 errorem
837 1662 922 1724 tum
937 1651 1105 1747 denique
1120 1652 1289 1726 nominis
1306 1673 1387 1759 esse

404 1781 453 1854 Et
469 1777 587 1876 sensi,
603 1791 640 1852 et
656 1779 780 1854 docui.
801 1778 872 1852 Sed
890 1779 984 1875 quid
1000 1779 1169 1853 docuisse
1184 1776 1366 1874 juvabat?

404 1907 585 2006 Labitur3
602 1921 638 1982 et
653 1935 780 2006 parvae
795 1908 948 2006 fugiunt
964 1936 1052 1985 cum
1069 1909 1252 2009 sanguine
1266 1911 1376 1984 vires.

405 2038 585 2136 Dumque
596 2037 741 2135 aliquid
755 2049 918 2135 spectare
928 2050 1068 2135 potest,
1083 2066 1146 2112 me
1159 2051 1318 2138 spectat:
1331 2033 1417 2110 etin
1427 2053 1481 2104 me

405 2164 597 2240 Infelicem
609 2164 774 2238 animem
789 2177 994 2261 nostroque
1007 2165 1157 2240 exhalat
1169 2169 1213 2239 in
1225 2193 1313 2240 ore:

407 2293 1097 2392 Sed,vultume1iore‚morisecura·
1113 2296 1282 2372 videtur.
1568 2383 1569 2394 χ

452 2424 647 2497 Flentibus
658 2424 741 2512 haee
753 2423 963 2522 lacrymans
976 2425 1088 2499 heros
1101 2427 1349 2524 memorabat,
1364 2437 1481 2525 etecoe

397 2527 540 2626 AEucus
553 2548 763 2648 ingreditur
776 2550 921 2649 duplici
934 2577 1022 2626 cum
1034 2552 1160 2650 prole,
1176 2579 1353 2652 novoque
1445 2595 1449 2602 ‚

405 2683 526 2758 Milite
539 2681 551 2722 ³
563 2715 575 2782 3
591 2711 706 2781 quem
718 2686 903 2784 Cephalus
916 2715 1005 2762 cum
1017 2687 1178 2763 fortibus
1191 2689 1328 2787 accipit
1342 2686 1457 2760 armis.

448 2882 458 2912 ¹
481 2880 537 2936 Les
557 2878 645 2938 dieu:
666 2881 717 2939 des
737 2881 833 2941 euiers
851 2883 906 2960 qui
923 2895 998 2942 vout
1016 2884 1078 2943 dtre
1097 2883 1260 2944 disormais
1277 2887 1320 2944 les
1335 2883 1428 2940 miens.

405 2977 482 3047 Quel
493 2975 600 3034 interit
613 2977 650 3036 de
662 2981 754 3064 style!

264 3069 270 3077 ¹
345 3147 351 3154 .
448 3077 461 3105 ⁸
482 3077 552 3132 lam
561 3079 637 3135 enim
648 3098 687 3136 ex
695 3079 823 3155 Cephalo
833 3095 1113 3160 cognoveratauram
1124 3101 1182 3138 non
1191 3099 1253 3140 esse
1261 3079 1427 3157 nympham,

404 3181 436 3226 ut
446 3171 511 3246 ipsa
517 3176 660 3248 putabat,
673 3179 727 3233 sed
738 3181 831 3235 lenem
841 3179 1119 3256 venierunt-flatum.

445 3262 458 3300 ³
477 3271 571 3328 Milite
576 3293 636 3348 pro
650 3277 794 3333 militibus.
809 3280 863 3336 Est
871 3278 1067 3354 synecdoche,
1081 3299 1140 3338 non
1152 3278 1246 3339 solim
1253 3280 1367 3358 podiis,
1380 3275 1431 3332 sed

364 3429 375 3441 ,,
404 3365 543 3429 historicis
555 3391 668 3452 quoque
669 3373 846 3450 familiaris.
