3214 5300
399 547 422 619 8
515 561 598 617 aas
627 535 1071 615 uhrnnoaruosas
1101 549 1327 624 naovroa,

398 704 487 779 Haeo
502 705 620 803 placet
640 732 648 777 :
666 701 783 796 hano,
799 698 982 798 quonism
996 695 1159 794 vulgaris
1175 695 1302 770 fabula
1318 704 1325 734 ¹
1343 723 1423 774 non
1437 709 1512 796 est,

398 833 552 910 Talibus
569 858 652 907 orsa
664 830 807 927 modis,
824 828 910 904 lanai
924 854 992 904 sua
1007 827 1070 903 fils
1085 840 1276 926 sequente.

666 1026 719 1100 II.
747 1027 938 1124 Pyramus
954 1037 993 1098 et
1010 1026 1159 1098 niobe.

446 1219 638 1298 Pennus
652 1231 690 1295 et
701 1217 860 1316 Thisbe,
878 1213 1064 1316 juvenum
1077 1217 1357 1316 pulcherrimus
1370 1217 1488 1313 alter,
1589 1213 1590 1238 ¹

397 1349 542 1451 Altera,
558 1379 651 1452 quas
666 1352 803 1428 Oriens
819 1350 973 1447 habuit,
989 1349 1140 1447 praelata
1154 1348 1307 1446 puellis,

398 1487 597 1586 contiguas
609 1483 909 1562 tenuere'domos
926 1513 934 1558 :
950 1483 1172 1558 ubidicitur
1187 1483 1300 1558 altam

398 1617 602 1693 coctilibus
615 1617 735 1694 muris
749 1617 912 1692 cinxisse
925 1614 1139 1690 Semiramis
1153 1614 1300 1688 urbem.

397 1739 576 1822 Notitiam
593 1748 810 1847 primosque
822 1746 956 1845 gradus
970 1745 1111 1819 vicinia
1126 1743 1225 1818 fecit.

398 1875 584 1975 Tempore
598 1876 717 1952 erevit
729 1901 835 1950 amor
851 1904 859 1948 :
878 1874 984 1948 taedae
997 1901 1148 1972 quoque
1160 1878 1244 1971 iure
1257 1879 1434 1973 coissent3

396 2007 470 2081 Sed
484 2010 638 2083 vetuere
649 2019 771 2106 patres
790 2034 797 2080 :
813 2004 915 2103 quod
931 2031 1010 2100 non
1024 2005 1181 2102 potuere
1194 2017 1340 2104 vetare,

395 2135 456 2213 Ex
471 2166 579 2237 aequo
592 2141 706 2238 captis
720 2138 900 2212 ardebant
911 2139 1103 2213 mentibus
1116 2140 1239 2214 ambo,

397 2269 578 2345 Conscius
592 2274 715 2345 omnis
727 2273 831 2344 abest
847 2299 855 2343 :
871 2283 972 2344 nutu
987 2272 1175 2368 signisque
1190 2272 1404 2370 loquuntur
1411 2304 1424 2368 ;Υ

397 2402 561 2498 Quoque
572 2402 688 2500 magis
701 2401 857 2498 tegitur,
873 2413 991 2476 tectus
1004 2403 1117 2500 magis
1131 2415 1263 2477 aestuat
1275 2403 1384 2502 ignis.

445 2529 571 2602 Fissus
588 2541 666 2603 erat
677 2528 785 2603 tenui
801 2528 908 2625 rima,
924 2556 1038 2627 quam
1050 2529 1212 2606 duxerat
1223 2531 1333 2626 olim,

396 2660 495 2735 Cirm
507 2659 614 2735 fieret
625 2661 763 2759 paries,
782 2661 914 2736 domui
929 2666 1141 2738 communis
1155 2664 1321 2760 utrique.

351 2765 360 2782 .
395 2791 440 2869 Id
458 2794 597 2868 vitium
610 2791 709 2866 nulli
725 2818 792 2890 per
806 2795 929 2869 secula
942 2795 1050 2892 longa
1063 2805 1255 2890 notatum,

398 2925 413 3023 (
421 2925 523 3012 Quid
537 2949 616 2997 non
630 2923 744 2998 sentit
755 2924 906 3022 arnor?)
921 2923 1038 3021 primi
1051 2923 1217 2998 sensistis
1230 2933 1414 3019 mantes,

395 3053 444 3127 Et
459 3051 544 3125 voci
558 3049 695 3125 fecistis
709 3052 780 3124 iter
798 3081 805 3126 :
822 3065 988 3148 tutaeque
1003 3078 1071 3148 per
1085 3049 1179 3124 illud

394 3185 592 3259 Murmure
607 3183 799 3258 blanditiae
814 3183 974 3258 minimo
989 3186 1147 3258 transire
1164 3184 1342 3262 solebant.

394 3313 499 3408 Saepe
514 3320 560 3384 ut
574 3309 831 3410 constiterant,
849 3309 943 3386 hino
957 3311 1115 3410 Thisbe,
1134 3313 1318 3412 Pyramus
1331 3313 1437 3388 illinc
1445 3345 1456 3412 5

392 3441 516 3543 Inque
529 3442 651 3518 vicem
665 3443 788 3518 fuerat
800 3457 966 3542 captams
979 3445 1169 3522 anhelitus
1182 3446 1275 3543 oris3

439 3611 449 3641 ¹
474 3610 589 3666 Fabula
602 3605 638 3664 de
642 3607 713 3683 fari
722 3627 759 3666 ne
773 3628 803 3666 se
815 3611 909 3684 prend
923 3627 975 3686 pas
985 3610 1129 3686 vtonjours
1142 3629 1221 3687 pour
1234 3629 1293 3668 une
1305 3609 1426 3668 histoire

394 3706 557 3765 fabuieuse.
573 3707 647 3762 Vera
649 3705 788 3778 fabella,
800 3707 963 3775 historiette
974 3710 1126 3786 viritshle.
1138 3711 1254 3766 Fabula
1259 3707 1337 3784 ficta
1343 3747 1354 3776 ,
1368 3727 1427 3764 une

393 3807 505 3864 fiction.
529 3805 709 3862 Neanmoins
730 3805 750 3861 il
773 3807 884 3883 signifie
904 3810 932 3864 le
951 3810 1020 3884 plus
1043 3821 1170 3867 souveut
1188 3827 1247 3865 une
1265 3806 1363 3876 fabre,
1383 3824 1426 3864 un

393 3913 491 3961 conte.
509 3901 633 3958 Fabulae
647 3902 757 3969 aniles,
774 3915 874 3962 eontes
886 3902 924 3960 de
937 3904 1056 3964 vieilles.
1077 3906 1210 3973 Fabula,
1225 3903 1250 3959 le
1264 3899 1339 3974 sajet
1353 3899 1428 3958 fietis

392 4001 465 4058 d'uu
476 4003 582 4074 poema
595 3996 702 4074 epique
716 4019 757 4056 ou
770 3999 965 4078 dramatique.
