3214 5300
422 582 470 656 28
539 599 625 657 aas
654 570 1094 658 uhrsuonraosus
1125 601 1354 682 n’ovrnc,

361 732 363 736 ¹
418 741 891 845 Nympharumimpatiens
900 779 911 845 3
926 735 1160 848 etsublove,
1177 765 1287 829 nocte
1299 755 1458 857 dieque,

418 873 526 950 Sedit
539 875 662 951 humo
676 877 798 976 nuda,
817 877 932 952 nudis
946 877 1111 954 incomta
1124 884 1280 982 capillis.

417 1005 565 1104 Perque
581 1035 721 1084 novem
732 1010 854 1108 luces,
873 1037 1008 1110 expers
1024 1013 1216 1114 undaeque
1231 1019 1401 1119 cibique,
1449 1005 1454 1018 ³

417 1133 519 1211 Rore
534 1165 659 1235 mero,
674 1139 926 1240 lacrymisque
942 1142 1020 1216 suis
1031 1145 1176 1241 jejunia
1187 1151 1316 1248 pavit3

416 1263 494 1340 Nec
508 1270 683 1345 semovit
697 1269 838 1370 humo,
853 1273 1004 1348 tantiim
1016 1280 1205 1372 spectabat
1218 1282 1344 1354 euntis

417 1395 495 1469 Ora
507 1396 580 1470 Dei
597 1427 605 1472 :
620 1398 828 1496 vultusque
838 1425 925 1476 suos
940 1401 1112 1479 flectebat
1123 1405 1309 1485 adillum.

416 1521 589 1600 Membra
600 1525 731 1601 serunt
743 1527 894 1603 haesisse
907 1531 986 1604 solo
1007 1559 1014 1606 :
1033 1547 1256 1636 partemque
1272 1538 1408 1614 coloris

415 1655 583 1734 Luridus
596 1685 801 1758 exsangues
814 1661 935 1760 pallor
947 1667 1138 1741 convertit
1150 1668 1194 1741 in
1209 1667 1358 1746 herbas.

415 1792 483 1866 Est
496 1795 538 1866 in
551 1796 787 1892 partorubor
800 1823 808 1869 ε
820 1796 1008 1895 violaeque
1018 1797 1235 1874 simillimus
1248 1826 1315 1874 ora

380 2013 383 2021 J
416 1925 445 1998 F
445 1925 501 1999 los
515 1925 616 2023 tegit.
632 1926 703 2000 Illa
714 1953 829 2026 suum
838 1985 849 2024 ,
867 1928 1044 2026 quamvis
1057 1927 1183 2004 radice
1198 1941 1372 2029 tenetur,

416 2055 589 2131 Vertitur
601 2055 648 2131 ad
663 2056 807 2156 Solem,
826 2071 1047 2158 mutataque
1060 2053 1185 2135 servat
1196 2088 1375 2137 amorem.

462 2185 623 2260 Dixerat
639 2215 646 2260 :
665 2198 703 2260 et
715 2185 858 2287 factum
872 2187 1046 2263 mirabile
1059 2201 1207 2284 ceperat
1218 2217 1341 2265 aures.

415 2314 506 2388 Pars
521 2313 605 2386 fieri
619 2313 787 2410 potuisse
801 2323 960 2410 negant:
975 2338 1062 2411 pars
1075 2319 1204 2388 omnia
1219 2339 1331 2389 veros

416 2447 528 2524 Posse
539 2445 629 2520 deos
643 2457 877 2540 memorant3
894 2444 958 2541 sed
976 2471 1055 2518 non
1070 2459 1108 2519 et
1121 2447 1290 2522 Bacchus
1306 2450 1349 2523 in
1362 2451 1450 2527 illis.

465 2579 639 2654 Poscitur
651 2575 830 2674 Arsinoc,
847 2579 1060 2675 postquam
1075 2581 1212 2654 silutre
1225 2607 1390 2660 sorores:

417 2705 514 2799 Quae
531 2688 646 2784 radiis
662 2709 794 2784 stantis
809 2734 1035 2806 percurrens
1050 2710 1211 2785 stamina
1226 2713 1328 2811 telae,

417 2841 595 2938 Vulgatos
608 2851 730 2938 taceo,
748 2838 866 2937 dixit,
881 2839 1039 2938 pastoris
1053 2865 1198 2916 amores

416 2971 632 3071 Daphnidis
644 2971 756 3070 Idaei,
773 2998 888 3071 quem
902 2971 1091 3070 Nympbae
1104 2973 1249 3073 pellicis
1263 2974 1320 3048 ira

392 3162 394 3168 .
418 3082 591 3177 contulit
607 3104 649 3177 in
666 3129 801 3180 saxum
820 3134 827 3179 :
843 3117 972 3179 tantus
988 3081 1097 3192 dolor
1110 3107 1191 3179 urit
1205 3109 1390 3180 amantes!

417 3233 494 3307 Nec
507 3233 663 3331 loquor,
682 3244 728 3307 ut
736 3233 947 3332 quondam,
963 3247 1110 3310 natura
1123 3237 1209 3334 jure
1220 3249 1377 3332 novato,

418 3359 629 3460 Ambiguus
642 3361 760 3438 suerit
772 3363 886 3439 modb
896 3366 979 3465 vir,
995 3363 1110 3440 modb
1122 3364 1299 3464 foemina,
1314 3365 1486 3464 Scython
1502 3375 1525 3440 '.

417 3490 473 3565 Te
485 3517 652 3589 quoquc,
668 3517 774 3566 nunc
786 3493 952 3590 adanu,
969 3491 1162 3593 quondam
1174 3491 1355 3568 fidissime
1366 3519 1507 3590 parvo,
1605 3595 1606 3600 Ἰ

461 3659 473 3690 ¹
494 3653 1334 3734 Observezavecquelactorideencadrecestablsspeu
1344 3656 1459 3732 impor-

420 3765 516 3814 tantes
529 3755 603 3814 dans
615 3758 843 3826 chemtmerice,
858 3757 911 3834 qui
921 3769 965 3816 est
977 3777 1014 3816 en
1026 3759 1120 3817 meme
1130 3769 1204 3817 tems
1215 3777 1274 3816 une
1284 3757 1459 3830 transition‚

418 3866 449 3912 et
462 3855 516 3932 qui
527 3855 581 3913 fait
593 3857 693 3932 partie
705 3857 756 3916 des
776 3857 913 3916 tableaux
926 3858 1001 3916 dont
1017 3860 1070 3917 elle
1086 3878 1123 3917 ne
1140 3858 1248 3930 semble
1266 3877 1325 3934 que
1340 3859 1370 3916 la
1385 3858 1460 3916 bor-

420 3951 507 4010 dure.
524 3954 549 4010 ll
562 3953 663 4012 donne
675 3956 693 4012 t
706 3956 839 4033 Scythen
851 3955 999 4034 l'cpitbitc
1012 3957 1180 4034 ambiguus,
1195 3975 1250 4036 par
1261 3957 1388 4016 allusion
1402 3956 1419 4014 i
1431 3975 1463 4015 sa

420 4051 531 4111 double
544 4055 796 4134 me'tamorphose
