3210 5324
433 578 505 654 248
548 593 633 650 aas
661 562 1101 651 niranonrrrosns
1130 591 1365 672 norme,

432 741 513 817 Hac
527 768 596 818 ave
610 754 701 817 sunt
713 744 836 839 juncti
853 743 997 817 Procne
1009 740 1247 843 Tereusque3
1265 754 1436 843 parentes

433 871 514 946 Hac
529 899 600 948 ave
612 884 704 947 sunt
716 871 804 946 facti
820 901 828 948 ε
843 884 981 970 gratsta
998 883 1053 945 est
1065 872 1206 946 scilieet
1221 873 1298 946 illis

433 1001 597 1078 Thracia
614 1032 621 1078 :
636 1002 781 1101 Disqne
796 1001 871 1101 ipsi
885 1014 1003 1102 grates
1017 1003 1121 1101 egere
1139 1034 1146 1076 :
1161 1002 1358 1103 diemque,

434 1132 596 1233 Quique
608 1132 695 1208 data
707 1146 763 1208 est
775 1135 876 1208 claro
888 1131 1082 1208 Pandione
1097 1145 1183 1207 nats
1197 1146 1382 1232 tyranno,

435 1261 597 1359 Quique
613 1273 692 1336 erat
704 1273 809 1336 ortus
824 1262 924 1360 Itys,
940 1262 1071 1337 festam
1085 1262 1225 1357 jussdre
1241 1261 1393 1336 vocari:

434 1392 567 1491 Usque
581 1393 673 1469 adeo
690 1401 699 1432 ¹
713 1395 804 1468 latet
817 1393 979 1468 utilitas!
995 1397 1080 1468 Jam
1092 1405 1262 1492 tempora
1274 1393 1389 1468 Titan

436 1520 622 1622 Quinque
633 1547 701 1621 per
713 1533 917 1598 autumnos
930 1521 1082 1620 repetiti
1094 1519 1257 1596 duxerat
1269 1521 1383 1598 anni:

437 1654 537 1728 Ciam
548 1649 717 1727 blandita
730 1651 817 1726 viro
829 1643 993 1748 Procne,
1010 1651 1050 1726 Si
1065 1652 1198 1749 gratia,
1213 1650 1334 1748 dixit,

437 1779 524 1854 Ulla
535 1807 621 1856 mea
633 1793 707 1877 est,
722 1782 860 1864 velme
873 1779 1041 1858 visendae
1054 1783 1163 1856 mitte
1175 1781 1314 1876 sorori3

435 1907 508 1982 Vel
520 1935 626 1984 soror
640 1908 719 1984 huc
731 1909 861 1984 veniat
878 1938 886 1982 :
903 1909 1112 1985 redituram
1128 1926 1297 2009 tempore
1310 1933 1431 2007 parvo

435 2041 637 2118 Promittes
650 2067 778 2114 socero
795 2069 804 2114 ι
819 2042 946 2138 magni
960 2042 1060 2117 mihi
1075 2041 1247 2118 numinis
1260 2042 1381 2114 instar

437 2169 663 2244 Germanam
681 2168 822 2246 vidisse
836 2168 956 2245 dabis.
974 2171 1089 2244 Jubet
1101 2171 1165 2244 ille
1182 2169 1325 2244 carinas

436 2299 484 2374 In
498 2299 595 2374 freta
607 2297 746 2373 deduci
761 2327 771 2374 e
785 2298 947 2397 veloque
964 2309 1001 2372 et
1016 2298 1156 2395 remige
1171 2309 1305 2395 portus

435 2431 632 2530 Cecropios
644 2433 782 2530 intrat3
800 2433 997 2530 Piraeaque
1008 2432 1120 2506 litora
1132 2429 1262 2527 tangit.

435 2563 490 2639 Ut
502 2565 673 2664 primum
687 2565 807 2638 soceri
816 2563 907 2640 ‘data
920 2565 1044 2664 eopia,
1062 2562 1271 2658 dextraque
1282 2556 1429 2632 dextrae

435 2695 636 2793 lungitur3
651 2695 819 2770 infausto
833 2695 1088 2772 committitur
1103 2693 1232 2769 omine
1245 2711 1381 2764 sermo.

436 2823 611 2922 Coeperat
622 2822 810 2898 adventus
826 2850 995 2924 oausam,
1011 2823 1187 2900 mandata
1198 2820 1339 2896 referre

435 2952 612 3050 conjugis
621 2983 632 3051 3
651 2963 689 3028 et
701 2951 837 3027 celeres
853 2953 1176 3052 missae'apondere
1189 2973 1386 3026 recursus:

434 3079 530 3156 ane
542 3082 650 3158 venit
665 3109 801 3182 magno
813 3081 921 3158 dites
933 3082 1143 3158 Philomela
1156 3092 1310 3180 paratU,

433 3209 603 3288 Divitior
617 3209 740 3289 formai
756 3241 765 3287 ε
782 3213 910 3312 quales
925 3211 1059 3288 audire
1072 3211 1235 3288 solemus

433 3338 592 3418 Naiadas
605 3354 643 3416 et
656 3344 826 3442 Dryadas
841 3343 977 3419 mediis
992 3341 1167 3418 incedere
1182 3339 1288 3414 silvis
1296 3368 1308 3435 3

435 3475 475 3550 Si
489 3475 603 3576 modo
616 3476 682 3552 des
698 3478 773 3552 illis
787 3479 931 3575 cultus,
947 3477 1162 3576 similesque
1173 3485 1337 3578 paratus.

477 3641 487 3672 ¹
513 3639 591 3698 Belle
603 3651 631 3698 et
645 3640 737 3699 solide
747 3639 888 3700 reflexion
901 3661 954 3700 sur
965 3642 1146 3720 l’ignoranee
1159 3641 1200 3698 oia
1212 3647 1280 3696 sont
1290 3637 1331 3694 les
1340 3634 1474 3692 hommes

433 3737 471 3798 de
482 3739 564 3796 leurs
576 3740 734 3798 stritahles
746 3739 885 3798 interdu!
900 3743 970 3798 Plus
981 3761 1024 3798 un
1037 3753 1146 3798 auteur
1154 3756 1243 3816 pense
1253 3776 1262 3806 ,
1272 3735 1341 3810 plus
1350 3732 1392 3790 les
1404 3751 1471 3789 sen-

435 3846 532 3896 tences
546 3840 673 3896 morales
687 3839 815 3896 naissent
830 3858 900 3896 sous
915 3858 949 3900 sa
959 3840 1069 3914 plume.
1085 3837 1160 3896 Mais
1174 3836 1312 3894 observes
1327 3847 1386 3907 qne
1400 3828 1473 3883 dans

434 3937 529 3996 Ovide
539 3939 606 3996 elles
618 3948 686 3995 sont
696 3949 831 4008 conates,
842 3937 978 4016 rapida,
988 3948 1017 3996 et
1027 3955 1064 3996 ne
1078 3943 1193 3996 sentent
1200 3929 1304 4010 januis
1313 3929 1341 3988 le
1352 3929 1474 4005 placflsse

434 4037 672 4116 philosophique.
