3178 5312
333 657 339 666 ·
429 667 476 737 70
544 633 1093 717 uremursreouruosus
1124 657 1349 736 ruovruu,

425 805 551 880 Pande
564 806 774 904 requirenti
788 803 927 878 nomen
941 815 1127 902 terraeque
1140 819 1347 904 tuumque,

423 932 472 1028 Et
485 960 555 1006 cur
567 934 692 1007 vinela
705 959 817 1030 geras.
838 933 966 1006 Primo
980 935 1064 1006 silet
1082 935 1147 1006 illu
1167 963 1174 1009 :
1194 963 1265 1019 nep
1276 937 1391 1010 audet

424 1061 624 1159 Appellare
637 1062 766 1135 virum
781 1061 887 1159 virgo
905 1070 911 1098 ¹
933 1064 1207 1163 :manibusque
1224 1067 1413 1143 modestos

424 1193 583 1266 celasset
596 1194 747 1289 vultus,
766 1194 890 1267 sinon
909 1193 1059 1292 religata
1071 1191 1214 1270 suisset.

421 1322 602 1422 Lumina,
619 1325 720 1423 quod
735 1324 878 1423 potuit,
894 1324 1069 1424 lacrymis
1083 1324 1257 1426 implevit
1270 1325 1426 1400 obortis.

420 1453 567 1550 Saepius
581 1455 756 1551 instanti,
774 1481 843 1528 sua
856 1481 905 1530 ne
919 1437 1054 1530 delium
1069 1453 1177 1528 fateri

421 1581 528 1656 Nolle
543 1583 756 1680 videretur,
774 1609 916 1657 nomen
934 1595 1120 1680 terraeque
1132 1607 1344 1682 suumque,

423 1711 647 1811 Quantaque
660 1726 838 1790 muteruae
850 1713 966 1788 fuerit
978 1713 1117 1788 fiducia
1128 1713 1283 1811 forme,

420 1847 568 1923 Iudicat
582 1877 590 1922 :
605 1859 658 1944 et,
675 1847 848 1954 nondum
859 1831 1078 1921 'memoratis
1090 1846 1290 1942 omnibus,
1305 1843 1412 1920 unda

422 1979 598 2054 Iusouuit
615 1979 870 2075 :veniensque
888 1978 1075 2054 immenso
1092 1978 1216 2050 bellua
1231 1989 1347 2075 ponto

319 2123 324 2140 '
422 2111 575 2185 Eminet
592 2139 599 2185 :
616 2124 653 2184 et
665 2112 785 2184 latum
800 2112 871 2183 sub
886 2121 1034 2207 pectore
1046 2109 1212 2208 possidet
1223 2135 1354 2206 aequor
1367 2119 1393 2183 ⁸.

423 2242 638 2316 Conclamat
651 2245 756 2341 virgo
774 2272 781 2316 :
800 2242 947 2342 genitor
959 2241 1148 2340 lugubre,
1168 2253 1205 2314 et
1220 2266 1350 2316 amens

422 2373 542 2446 Mater
554 2373 681 2446 adest:
701 2374 810 2484 arubo
826 2351 973 2468 miseri,
990 2371 1051 2446 sed
1067 2370 1204 2468 justius
1219 2369 1294 2442 illst.

422 2506 497 2580 Nee
510 2491 635 2580 secum
650 2505 858 2601 auxilium,
874 2503 937 2576 sed
955 2502 1087 2600 dignos
1104 2512 1272 2598 tempore
1289 2499 1421 2595 fletus,

422 2633 717 2731 Plangoremque
727 2633 856 2708 ferunt
866 2635 1087 2730 :vinctoque
1098 2629 1510 2728 incorporeadhaerent.

472 2764 568 2836 Cum
581 2763 636 2838 sic
647 2763 782 2861 hospes
796 2763 859 2837 ait.
876 2765 1144 2860 Lacrymeruru
1159 2761 1265 2858 louge
1278 2784 1432 2833 manere

422 2889 609 2989 Tempora
615 2919 682 2968 vos
688 2905 869 2991 poterunt
880 2922 888 2967 :
900 2893 945 2966 ad
954 2889 1297 2990 opembrevishora
1303 2887 1510 2962 ferendum:

422 3017 530 3092 Hauc
543 3045 608 3118 ego
621 3022 655 3096 si
667 3035 833 3120 peterem
846 3021 1002 3098 Perseus
1015 3024 1109 3096 Jove
1126 3033 1253 3118 natus,
1271 3034 1308 3093 et
1323 3019 1408 3120 illst,

421 3149 546 3238 Quam
558 3153 722 3230 clausam
738 3153 914 3253 implevit
925 3153 1104 3230 foecundo
1117 3153 1292 3252 Jpppiter
1304 3179 1398 3228 euro
1410 3151 1442 3252 ³,

466 3365 476 3396 ¹
501 3366 662 3443 Appellare
672 3370 767 3424 uirum
782 3367 895 3445 signifie
907 3367 1040 3426 adresser
1050 3367 1077 3425 la
1088 3369 1191 3444 parole
1203 3367 1220 3424 ὲ
1230 3387 1272 3424 uu
1281 3367 1411 3425 homme.
1419 3369 1458 3425 Le
1575 3390 1576 3405 ¹

424 3459 530 3518 silence
543 3463 764 3521 d'Andromule
778 3476 820 3521 est
835 3483 894 3522 une
909 3465 1078 3538 expression
1091 3465 1127 3521 de
1141 3479 1260 3521 ruoeurs.
1273 3463 1321 3520 Ou
1336 3485 1374 3522 ne
1387 3476 1459 3539 peut
1573 3500 1574 3529 p

420 3558 518 3624 micus
531 3561 653 3636 peindre
665 3564 691 3618 le
702 3561 821 3636 pudeur
831 3562 962 3620 modeste
971 3563 1060 3619 d'uue
1072 3563 1181 3638 vierge.
1191 3563 1231 3618 ee
1241 3563 1335 3638 qu'on
1345 3563 1458 3638 appelle

419 3672 532 3714 moeurs
548 3677 582 3713 eu
597 3659 742 3734 poesim
757 3660 912 3735 beaucoup
927 3659 963 3716 de
975 3670 1099 3734 rapport
1112 3677 1182 3715 avec
1194 3659 1235 3716 les
1245 3657 1390 3734 passione.
1406 3657 1459 3716 Ces

419 3753 500 3812 deux
515 3769 637 3814 natures
650 3757 687 3814 de
700 3757 857 3816 sentimeus
869 3780 899 3817 se
912 3762 1021 3817 melent
1034 3759 1189 3816 eusemble.

462 3859 475 3888 ¹
498 3855 658 3931 Emplrasr's
669 3856 731 3932 qud
743 3857 848 3914 bellua*
859 3859 1028 3934 magnitudo
1041 3869 1224 3914 monstratur.

460 4013 473 4053 ³
493 4031 529 4078 Eu
541 4032 595 4078 vein
606 4031 630 4091 je
643 4046 701 4078 rous
711 4035 833 4094 perurente,
842 4033 866 4094 je
878 4043 960 4080 trouve
973 4049 1002 4080 eu
1015 4049 1072 4081 rous
1083 4031 1196 4094 Daphutr

494 4111 517 4158 Si
529 4110 605 4170 i'etsis
615 4111 720 4172 Jupiter,
732 4127 788 4158 rous
802 4114 874 4158 serien
889 4113 975 4157 Daret.
