3218 5342
417 605 490 683 564
534 623 619 682 nes
647 595 1082 680 udrsnoaruosss
1112 617 1335 700 worma,

416 771 652 871 Muneraque
663 770 831 870 augendo
844 770 997 845 tandem
1009 769 1183 847 dubitare
1195 774 1307 872 coegi

418 901 617 1000 Exclam'03
635 903 733 976 Mule
745 913 864 977 tectus
880 927 944 1000 ego
957 929 1005 976 en
1024 911 1052 999 ¹,
1068 904 1165 978 male
1178 919 1308 1004 pactus
1319 905 1469 1003 adulter,

417 1033 539 1106 Verus
552 1059 654 1108 eram
668 1037 831 1131 conjux:
848 1061 925 1130 me,
944 1033 1102 1131 perlida,
1118 1047 1210 1108 teste
1222 1037 1370 1112 teneris.

466 1159 560 1234 Illa·
574 1161 672 1235 nihil
687 1191 695 1235 :
710 1161 822 1235 tacito
837 1161 1101 1236 tantummodo
1115 1164 1216 1238 victa
1230 1165 1391 1263 pudore,

419 1287 627 1362 Insidiosa³
646 1290 745 1365 malo
761 1315 849 1365 cum
867 1293 1022 1387 conjuge
1038 1291 1173 1365 limina
1187 1291 1306 1391 firgit:

419 1416 646 1516 Offensrlque
658 1419 734 1496 mei
746 1419 780 1515 ⁴,
796 1445 912 1517 genus
925 1443 1038 1492 omne
1050 1445 1182 1516 perosa
1195 1423 1369 1495 virorum

418 1551 616 1626 Montibus
629 1553 793 1647 errabat,
809 1550 944 1624 studiis
960 1563 1110 1646 operata
1122 1551 1267 1627 Dianae.

469 1678 570 1755 Tum
585 1681 685 1756 mihi
698 1681 843 1754 deserto
856 1679 1060 1752 violentior
1073 1679 1168 1776 ignis
1182 1681 1228 1755 ad
1242 1705 1325 1754 ossa

421 1810 600 1884 Pervenit
614 1839 621 1884 :
637 1810 790 1884 orabam
802 1807 974 1904 veniam,
988 1817 1026 1879 et
1039 1833 1204 1904 peccasse
1218 1807 1379 1882 fatebar:

422 1939 469 2012 Et
483 1940 666 2038 potuisse,
682 1938 795 2035 datis,
813 1938 928 2012 simili
943 1925 1188 2012 succumbere
1202 1939 1325 2037 culpae

422 2069 483 2142 Me
496 2095 665 2167 quoque,
681 2069 925 2164 muneribus,
942 2068 973 2140 si
988 2093 1146 2140 munera
1158 2079 1263 2142 tanta
1275 2069 1458 2142 darentur.

423 2199 503 2272 Hoc
516 2200 616 2273 mihi
628 2198 814 2293 confesso,
829 2198 960 2271 laesum
974 2198 1082 2292 prius
1097 2199 1176 2272 ulta
1188 2198 1393 2296 pudorem,

423 2328 627 2424 Redditur,
643 2341 680 2402 et
694 2328 821 2402 dulces
835 2327 1072 2403 concorditer
1086 2330 1201 2427 exigit
1213 2356 1347 2404 annos.

422 2460 497 2534 Dat
509 2459 607 2534 mihi
620 2473 818 2558 praeterea,
833 2471 1026 2557 tamquam
1039 2462 1071 2534 si
1084 2487 1200 2558 parva
1213 2462 1376 2537 (ledisset

423 2593 552 2691 Dona,
568 2621 699 2668 canem
713 2619 856 2669 munus
871 2621 878 2667 :
896 2617 1010 2689 quem
1024 2594 1114 2668 cirrn
1128 2619 1196 2667 sua
1207 2595 1372 2670 traderet
1383 2593 1435 2668 illi
1471 2614 1475 2625 '

426 2725 608 2822 Cynthia,
626 2724 824 2798 Currendo
836 2724 1044 2821 superabit,
1060 2723 1229 2822 dixerat,
1245 2751 1390 2803 omnes.

424 2855 499 2929 Dat
512 2853 625 2926 simul
637 2865 674 2925 et
681 2854 867 2948 jaculum3
880 2853 1056 2926 manibus
1065 2852 1185 2951 quod,
1195 2857 1338 2952 cernis,
1350 2855 1518 2930 hebernus.

475 2983 646 3058 Muneris
662 2984 815 3058 alterius
833 3011 919 3082 quae
936 2984 985 3057 sit
1001 2982 1155 3057 fortuna
1171 2985 1365 3082 requiris?

427 3114 565 3211 Accipe
582 3141 590 3186 :
610 3112 775 3186 mirandi
793 3115 960 3186 novitate
977 3111 1177 3186 movebere
1192 3110 1294 3186 faofi.

472 3295 481 3324 ¹
507 3292 588 3348 Certe
600 3291 745 3367 particule
760 3292 949 3350 exclamative
962 3293 1093 3369 exprime
1105 3311 1176 3351 avec
1188 3292 1316 3352 vivacita}
1328 3295 1368 3351 lea
1381 3309 1460 3349 mou-

428 3408 547 3446 vemens
558 3390 610 3466 qui
620 3389 782 3465 echappent
792 3391 986 3468 tout-l-conp
998 3391 1086 3449 lune
1098 3409 1163 3449 ame
1172 3391 1358 3467 passionnee.
1377 3395 1380 3402 ’

473 3493 486 3524 ⁸
508 3490 549 3546 Ce
560 3489 664 3546 silence
675 3490 712 3546 de
722 3490 838 3548 Procris
849 3501 891 3548 est
903 3492 971 3566 plns
985 3491 1125 3568 eloquent
1134 3509 1193 3565 que
1205 3489 1258 3546 des
1268 3491 1394 3566 paroles.
1405 3488 1461 3546 lale

431 3605 448 3642 a
459 3587 486 3644 le
497 3585 653 3645 sentiment
663 3585 700 3643 de
711 3605 765 3643 son
776 3587 935 3646 innocense
947 3609 954 3644 :
968 3589 1035 3647 c’est
1045 3607 1124 3646 assez
1133 3607 1214 3664 pour
1225 3607 1256 3646 sa
1265 3586 1460 3662 justificatior.

473 3680 486 3718 ³
510 3690 548 3742 In
560 3687 663 3762 quibua
674 3687 729 3743 sibi
740 3699 854 3744 structoe
865 3688 1118 3762 insidioesuerant.

470 3781 485 3829 4
507 3786 595 3857 Οιιὸά
606 3804 653 3844 me
665 3785 844 3860 ffudr'sset.
864 3787 988 3862 Offensa
1005 3789 1082 3846 enirn
1096 3787 1203 3857 mave,
1220 3785 1346 3861 effenss'o
1354 3781 1462 3863 passive

433 3883 507 3938 solet
517 3883 621 3957 accr‘pi.
