3210 5324
424 485 496 589 514'
539 527 623 586 nas
652 499 1099 584 nirnnonruosss
1130 525 1352 606 mouson,

423 683 534 776 Nunc
548 707 644 781 opus
657 693 713 755 cst
726 680 864 775 succis,
882 703 952 776 per
964 704 1060 778 quos
1073 692 1255 754 renovata
1266 693 1422 756 senectus

422 811 468 884 ln
485 811 619 886 florem
632 809 780 908 redeat,
794 809 1016 908 primosque
1028 809 1217 909 recolligat
1231 835 1358 888 annos.

424 941 471 1016 Et
484 939 622 1017 dabitis
637 969 645 1016 ε
662 967 788 1039 neque
804 942 909 1016 enim
920 942 1141 1018 micuerunt
1153 942 1275 1020 sidera
1287 943 1429 1041 frosm
1556 965 1557 974 ’

422 1073 497 1148 Nec
509 1072 651 1149 flustra
660 1074 865 1150 volucrum
880 1084 1022 1148 tructus
1034 1075 1181 1149 cervice
1196 1073 1397 1152 draconum

419 1202 564 1280 Currus
580 1205 685 1279 adest
700 1235 709 1280 :
723 1204 851 1284 aderat
862 1203 1049 1280 demissus
1061 1206 1109 1280 ab
1123 1205 1266 1282 sothero
1280 1229 1416 1280 curnis.
1556 1231 1557 1314 p

470 1337 558 1425 Qua
570 1340 685 1416 simul
693 1339 876 1437 ascendit,
891 1339 1113 1438 frenataque
1125 1340 1220 1414 colla
1231 1339 1428 1414 draconum

420 1468 642 1568 Pemulsit,
657 1472 912 1569 manibusque
923 1471 1025 1545 leves
1041 1471 1195 1568 agitavit
1210 1471 1388 1568 habenam

421 1597 602 1673 Sublimis
614 1599 763 1697 rapitur
779 1628 787 1672 ε
805 1601 1046 1695 subjectaque
1062 1597 1239 1672 Thessala
1251 1599 1388 1696 Tempe

420 1725 605 1825 Despicit,
620 1739 658 1800 et
670 1727 811 1800 Creteis
825 1725 1042 1823 regionibus
1056 1725 1219 1824 applicat
1228 1751 1382 1824 angues:

421 1857 468 1929 Et
481 1883 575 1956 quas
589 1859 682 1933 Ossa
697 1855 808 1952 tulit,
827 1881 921 1954 quas
936 1857 1034 1931 altus
1045 1856 1178 1932 Pelion
1188 1855 1342 1953 herbas,
1374 1919 1376 1924 .

421 1986 679 2086 Orthrysquo,
694 1985 935 2084 Pindusque,
953 1999 990 2060 et
1002 1986 1126 2060 Pindo
1139 1987 1261 2083 major
1274 1988 1460 2086 Olympus,
1556 2077 1557 2098 Χ

420 2118 604 2216 Perspicit
621 2147 629 2192 :
645 2131 682 2192 et
694 2117 830 2216 placiti
845 2117 985 2216 panim
1001 2117 1127 2194 radice
1142 2120 1311 2218 revellit,

418 2217 561 2328 Pafum
575 2253 736 2329 succidit
748 2253 971 2328 curvamine
984 2252 1088 2328 falcis
1102 2259 1206 2328 ainae
1222 2261 1248 2332 ¹.

419 2385 540 2461 Multa
552 2414 706 2490 quoque
718 2386 884 2484 Apidani
897 2385 1125 2484 placuerunt
1135 2386 1307 2483 gramina
1319 2383 1426 2483 ripis,

418 2515 541 2592 Multa
548 2515 916 2617 quoqqumphrysi
926 2543 934 2592 ε
943 2541 1037 2614 neq;
1052 2515 1344 2611 erasimmunis,
1358 2509 1499 2606 Enipffli

419 2643 494 2718 Nec
508 2671 587 2718 non
600 2645 734 2718 Pensa
743 2703 754 2742 ,
770 2669 841 2718 noo
857 2669 938 2718 non
954 2643 1199 2741 Spercheides
1216 2643 1334 2720 undae

419 2771 670 2845 contribuere
682 2771 849 2870 aliquid,
863 2775 1093 2872 juncosaque
1106 2771 1216 2846 litora
1229 2772 1364 2848 Boebes
1378 2777 1402 2848 ¹.

419 2903 548 3001 Carpit
560 2913 598 2976 et
609 2903 776 2979 Euboici
788 2905 908 2980 vivax
923 2903 1151 2980 Anthedone
1166 2929 1342 3003 gramen,
1508 2915 1510 2920 '

417 3036 603 3113 Nundum
618 3049 763 3113 mutato
780 3018 977 3139 vulgatum
992 3065 1149 3138 corpore
1165 3037 1302 3112 Glauci
1316 3035 1342 3113 ⁸.

466 3169 514 3242 Et
525 3169 602 3264 jam
614 3193 716 3243 nona
734 3167 815 3243 dios
831 3195 949 3245 curru
962 3169 1175 3270 pennisque
1188 3167 1417 3264 draconum,

418 3301 601 3400 Nonaquo
613 3325 694 3376 nox
705 3274 838 3377 omnes
849 3302 1076 3378 lustrantem
1088 3300 1238 3377 viderat
1249 3324 1373 3398 agros3

461 3487 471 3517 ¹
493 3485 574 3540 Nam
591 3483 709 3540 omnini)
722 3485 765 3541 ad
777 3504 837 3541 rem
852 3485 1163 3559 divinamsaciendam
1181 3501 1260 3539 vasa
1277 3491 1365 3556 atque
1377 3491 1454 3532 mma

418 3580 517 3639 ahena
530 3595 642 3640 veteres
654 3583 820 3640 adhibuisse
830 3583 920 3658 refert
929 3585 1107 3641 Macrobius.

462 3685 476 3714 ¹
499 3681 607 3738 Boebes
619 3685 701 3740 eacus
707 3725 718 3754 ‚
729 3685 777 3739 cui
784 3683 877 3742 Boebe
888 3683 955 3742 urbs
968 3683 1196 3756 Thessalioefuit
1204 3681 1356 3754 odr'acens.
1370 3673 1456 3744 HHJ'RS
1556 3679 1557 3690 ¹

420 3782 516 3838 littora
521 3782 650 3852 juncosa
661 3797 750 3840 vocae
757 3789 848 3860 poita
860 3783 881 3839 a
885 3785 1043 3856 juncorum
1055 3781 1246 3840 muln'tudine.
1294 3781 1299 3788 ’
1556 3759 1557 3790 ¹

460 3877 473 3917 ³
495 3886 533 3938 In
547 3895 711 3941 transcursu
726 3885 831 3941 Glauci
842 3885 1089 3962 metamorphosin
1102 3884 1296 3962 tangitpoeta
1304 3919 1315 3950 ‚
1331 3892 1417 3954 quam
1428 3871 1454 3926 ia

326 4001 334 4017 ·
420 3980 615 4038 tertiodecimo
629 3981 701 4038 libro
714 3980 829 4059 copiosi
841 3983 981 4042 describit.
