3214 5300
431 535 479 611 54
550 553 636 610 uns
665 523 1102 605 interamnenses
1132 549 1360 623 n’ovrnc,

507 764 605 840 XII.
637 765 707 836 Ino
729 774 767 834 et
789 761 986 834 Melicerta
1005 761 1046 832 in
1065 761 1168 832 Deos
1185 785 1387 860 aequoreos.

480 993 694 1068 Inurum
707 986 925 1086 aequoribus
937 983 1114 1085 scopulus
1133 1014 1141 1060 :
1157 1013 1242 1084 pars
1255 986 1334 1062 ima
1345 997 1517 1062 cavatur

432 1111 645 1218 Fluctibus,
664 1131 701 1194 et
713 1130 826 1192 tectas
842 1114 1012 1190 defendit
1024 1117 1072 1189 ab
1086 1115 1272 1189 imbribus
1286 1111 1429 1210 undas,

432 1249 588 1324 Summa
595 1249 686 1345 riget
697 1277 706 1342 3
718 1244 957 1341 frontemque
967 1243 1008 1316 in
1014 1257 1185 1341 apertum
1191 1243 1349 1344 porrigit
1356 1269 1512 1342 aequor.

434 1379 604 1473 Occupat
615 1373 740 1466 hunc,
757 1369 855 1444 vires
868 1369 1016 1443 insania
1028 1369 1184 1468 fecerat,
1200 1372 1289 1467 In03

433 1505 555 1603 Seque
572 1530 684 1601 super
698 1514 877 1601 pontum,
897 1501 1004 1576 nullo
1017 1502 1159 1576 tardata
1175 1504 1332 1600 timore,

431 1636 571 1730 Mittit,
590 1659 764 1731 onusque
778 1658 892 1706 suum
913 1661 920 1706 :
936 1659 1110 1730 percussa
1122 1634 1319 1708 recanduit
1333 1631 1453 1707 unda.

481 1767 531 1839 At
544 1765 673 1838 Venus
688 1765 886 1838 immeritae
900 1764 1022 1863 neptis
1035 1765 1209 1840 miserata
1221 1765 1387 1862 labores,

434 1899 495 1975 Sic
511 1913 646 1999 patruo
660 1899 829 1975 blandita
841 1926 910 1973 suo
927 1913 982 1974 cst
999 1929 1007 1974 :
1024 1901 1080 1976 0!
1102 1924 1246 1976 numen
1262 1923 1477 1996 aquarum,

432 2033 611 2108 Proxima
624 2032 687 2106 cui
701 2032 797 2104 coelo
811 2032 939 2128 cessit,
958 2031 1153 2129 Neptune,
1170 2019 1329 2129 potestas
1345 2035 1378 2127 ¹3

432 2169 563 2266 Magna
578 2164 734 2263 quidem
749 2192 860 2263 posco
879 2195 887 2239 :
903 2164 966 2239 sed
981 2179 1024 2238 tu
1041 2164 1219 2238 miserere
1232 2189 1428 2260 meorum,

430 2294 566 2370 iactari
583 2318 676 2388 quos
690 2294 813 2363 cernis
827 2293 869 2365 in
883 2292 992 2366 Ionio
1009 2292 1213 2388 immens03
1424 2295 1431 2308 '

432 2423 479 2496 Et
492 2422 559 2495 Dis
573 2419 666 2494 adde
676 2420 750 2492 luis
767 2448 774 2493 :
790 2419 916 2516 aliqua
932 2419 1081 2492 etmihi
1093 2421 1208 2517 gratia
1220 2430 1336 2518 ponto
1350 2431 1428 2516 est;

430 2551 472 2625 Si
490 2563 614 2624 tamen
630 2547 670 2620 in
686 2546 750 2619 dio
765 2545 957 2644 qnondam
976 2559 1148 2620 concreta
1160 2546 1351 2646 profundo

434 2682 576 2778 Spuma
593 2677 671 2772 sui,
687 2679 920 2776 Grajumque
933 2693 1062 2752 manet
1074 2679 1173 2753 mihi
1186 2705 1326 2760 nomen
1339 2681 1386 2756 ab
1399 2679 1485 2756 iili.

431 2814 580 2890 Annuit
592 2812 715 2887 oranti
729 2812 929 2909 Neptunus
947 2842 955 2886 :
972 2825 1009 2885 ct
1025 2813 1180 2886 abstulit
1197 2813 1292 2909 illis,
1398 2887 1401 2896 ,

433 2945 545 3034 Quod
559 2943 715 3019 mortale
728 2942 821 3039 fuit3
840 2947 1144 3043 majestatemque
1158 2945 1363 3022 verendam

432 3077 634 3174 Imposuit,
653 3101 870 3172 nomenque
884 3076 999 3150 simul
1013 3077 1222 3177 faciemque
1237 3077 1413 3176 novavit3

429 3208 718 3304 Leucothoeque
730 3208 856 3282 Deum
867 3236 955 3284 curn
971 3223 1091 3286 matre
1103 3210 1314 3286 Palaemona
1329 3208 1432 3284 dixit
1446 3215 1477 3286 ⁸.

475 3411 485 3440 ¹
509 3408 590 3464 Nam
600 3408 666 3464 lovi
676 3409 746 3462 coeli
754 3425 818 3464 cam
830 3407 924 3478 tenti,
939 3407 1074 3485 Nqatuao
1088 3411 1178 3466 maris
1190 3409 1342 3486 imperium
1356 3405 1469 3482 obtigit.

473 3509 487 3539 ⁸
510 3504 613 3561 C’ttait
626 3525 667 3560 un
682 3524 771 3581 usage
786 3508 855 3564 chez
871 3507 911 3564 les
925 3508 1051 3566 Acciana
1068 3506 1105 3566 de
1121 3509 1248 3585 changes
1261 3509 1302 3564 les
1318 3523 1405 3562 noms
1416 3504 1475 3562 des

427 3615 522 3661 mons
539 3601 654 3672 deifice,
672 3620 738 3659 rans
755 3603 847 3664 doute
863 3625 943 3680 pour
959 3605 1032 3664 faire
1050 3607 1165 3666 oublicr
1183 3605 1270 3683 qu’ils
1286 3602 1397 3661 etaient
1413 3604 1471 3660 nea

428 3700 559 3758 mortale.
