3210 5324
391 588 465 663 264
509 604 594 660 aas
622 576 1057 659 ndrsuournosns
1087 601 1310 682 novius,

388 747 491 838 Quid
504 739 707 846 susanae
718 747 864 822 auara.
879 746 1023 844 Peragit
1035 746 1407 846 numennumen,

388 879 447 955 Ad
461 891 619 954 matrem
634 875 811 952 veniebat
823 877 915 976 Itys.
936 877 1038 964 Quid
1052 879 1187 976 possit,
1205 881 1250 953 ab
1264 879 1330 953 illo

386 1007 591 1084 Admonita
603 1021 676 1082 est:
687 1007 880 1107 oculisque
894 1019 1005 1080 tuens
1019 1008 1248 1106 immitibus,
1264 1009 1344 1086 Ab!
1363 1009 1480 1107 qutun

385 1141 436 1216 Es
449 1143 582 1216 similis
595 1141 712 1239 patri!
727 1139 839 1214 dixit.
859 1139 935 1212 Nec
948 1138 1059 1236 plura
1067 1139 1207 1235 locuta,

388 1272 512 1348 Triste
528 1285 634 1370 parat
646 1271 812 1368 facinus,
829 1269 1014 1368 tacitdque
1026 1281 1206 1344 exaestuat
1222 1268 1290 1344 irt.

386 1401 439 1477 Ut
450 1415 580 1476 tamen
595 1401 745 1478 accessit
758 1410 889 1496 natus,
905 1399 1092 1497 matrique
1109 1399 1266 1472 salutem

366 1599 367 1602 ,
387 1532 545 1623 Attulit,
566 1543 604 1606 et
618 1535 745 1630 parvis
758 1528 919 1604 adduxit
934 1529 1028 1602 colla
1043 1527 1188 1602 lacertis
1203 1535 1233 1624 ¹,

388 1662 584 1760 Mixtaque
598 1661 790 1736 blanditiis
803 1659 1013 1757 puerilibus
1027 1658 1152 1732 oscula
1162 1657 1314 1752 junxit3

387 1789 492 1863 Mota'
503 1789 660 1888 quidem
674 1802 728 1863 est
734 1787 914 1887 genitrix,
930 1786 1164 1885 infractaque
1176 1785 1345 1860 constitit
1356 1787 1431 1885 ira3

389 1921 584 2019 Invitique
601 1921 703 1996 oculi
718 1919 892 2018 lacrymis
909 1901 1088 1993 madudre
1100 1918 1246 1993 coactis.

386 2047 458 2124 Sed
474 2051 589 2125 simul
603 2077 653 2124 ex
667 2049 787 2126 nimiis
799 2061 957 2123 matrem
974 2048 1111 2146 pietate
1123 2050 1248 2123 labare

386 2179 527 2275 Sensit,
543 2181 590 2252 ab
602 2180 675 2254 hoc
685 2179 825 2254 iterum
839 2188 894 2251 est
906 2175 954 2254 ad
967 2177 1098 2251 vultus
1110 2203 1218 2252 versa
1233 2177 1390 2273 sororis3

386 2305 509 2403 Inque
522 2309 646 2380 vicem
661 2316 829 2402 spectans
842 2307 989 2401 ambos,
1005 2305 1083 2378 Cur
1099 2304 1293 2404 admovet,
1307 2307 1453 2404 inquit,

386 2435 494 2509 Alter
505 2435 730 2511 blanditias?
745 2437 852 2534 rapu
866 2436 950 2510 silet
961 2436 1076 2510 altera
1088 2437 1241 2537 linguai?

387 2562 513 2651 Quam
520 2563 698 2639 vocathic
705 2577 885 2661 matrem,
900 2591 1057 2639 curnon
1063 2567 1441 2642 vocatillasororem?

387 2693 460 2767 Cui
473 2693 522 2766 sis
536 2706 657 2792 nupta
669 2694 778 2792 vide,
795 2694 989 2768 Pandione
1001 2707 1107 2793 nata,
1126 2698 1273 2771 marito.

387 2823 599 2921 Degeneres
620 2852 628 2898 :
648 2825 767 2898 scelus
781 2825 965 2924 estfpietas
978 2826 1021 2898 in
1035 2826 1191 2922 conjuge
1204 2825 1334 2898 Tereo.

387 3036 392 3043 ,
433 2955 510 3029 Nec
522 2981 629 3030 mora
645 2986 653 3030 :
669 2959 785 3030 traxit
794 2959 882 3056 Ityn
890 2989 901 3055 ;
921 2958 1042 3033 veluti
1055 2959 1253 3058 Gangetica
1266 2983 1387 3032 cervae

385 3083 605 3194 Lactantem*
615 3083 752 3160 foetum
766 3113 833 3183 per
850 3087 963 3161 silvas
979 3088 1084 3186 tigris
1100 3114 1243 3185 opacas.

385 3214 513 3314 thue
528 3214 664 3302 domiue
677 3215 761 3290 altae
775 3227 920 3313 partem
936 3217 1092 3291 tenudre
1108 3229 1308 3314 remotam3

385 3343 697 3445 Tendentemque
713 3373 868 3444 manus,
884 3351 1009 3442 etjam
1024 3349 1177 3423 suafata
1187 3348 1401 3447 videntem,

255 3465 264 3476 ⁸
385 3477 473 3577 Eia,
489 3481 633 3576 etjam,
652 3479 788 3578 Mater,
803 3479 1043 3578 clamantem,
1061 3493 1098 3554 et
1110 3480 1405 3579 collalpetentem

385 3611 484 3686 Ense
499 3610 588 3684 ferit
601 3610 764 3709 Procne,
782 3613 890 3687 lateri
904 3613 979 3710 qua·
992 3626 1121 3711 pectus
1133 3612 1316 3710 adhaer0t3

386 3741 462 3818 Nec
477 3741 630 3816 vultum
644 3744 791 3817 avertit.
812 3743 906 3816 Satis
921 3742 979 3816 illi
994 3743 1040 3818 ad
1058 3743 1209 3818 faravel
1224 3767 1348 3816 unum

430 3922 439 4010 ἵ
464 3923 516 3996 Eu
528 3921 697 3998 brpallage.
715 3923 796 3983 Collo
814 3926 889 3982 enim
910 3925 1029 3985 brachia
1049 3920 1161 3984 addua·
1177 3927 1309 3984 dicuntw
1318 3925 1420 4002 putida

386 4021 474 4095 qudem
489 4019 507 4075 ὁ
522 4021 644 4078 diverso.
1590 3973 1591 4058 l
