3170 5304
470 533 541 611 156
582 551 668 608 uus
696 515 1140 604 restitueremus
1169 541 1399 624 norror,

465 697 594 770 Monte
606 720 675 768 suo
689 691 873 786 residens,
892 701 1101 786 natumque
1115 692 1289 788 amplexa
1302 696 1506 788 volucrem3
1571 685 1572 750 ἶ

464 828 581 901 Arma
595 850 805 922 manusque
818 849 931 919 meae,
945 847 1029 895 mea
1044 833 1149 920 nate,
1168 826 1352 923 potentia,
1369 826 1482 923 dixit,
1571 803 1572 888 i

462 959 549 1057 Illa,
569 961 708 1057 quibus
725 981 877 1054 superas
890 981 1038 1052 omnes,
1056 981 1147 1052 cape
1159 956 1251 1054 tela,
1270 957 1439 1056 Cupido,

463 1089 585 1186 Inque
597 1089 668 1162 Dei
681 1097 811 1185 pectus
827 1085 963 1158 celeres
976 1083 1110 1158 molire
1123 1085 1288 1184 sagittas,

463 1224 536 1298 Cui
549 1222 706 1321 triplicis
721 1219 829 1294 cessit
844 1217 997 1292 fortuna
1013 1209 1220 1292 novissima
1232 1220 1350 1318 regui.

462 1355 524 1428 Tu
540 1355 718 1452 Superos,
733 1353 935 1448 ipsumque
947 1337 1098 1447 Jovem,
1114 1363 1158 1423 tu
1171 1352 1332 1425 numina
1348 1353 1454 1448 ponti
1560 1397 1566 1410 κ

462 1487 569 1561 Victa
581 1487 730 1581 domas,
748 1485 951 1582 ipsumque
967 1483 1060 1580 regit
1076 1484 1144 1580 qui
1162 1486 1322 1558 numina
1334 1485 1452 1583 ponti.

463 1621 619 1694 Tartara
634 1619 726 1716 quid
742 1619 911 1692 cessant?
924 1645 992 1691 cur
1006 1599 1086 1692 non
1103 1617 1309 1715 matrisque
1323 1631 1506 1716 tuumque

462 1749 670 1846 Imperium
682 1745 1209 1844 proferslagiturparstertia
1221 1746 1369 1820 muudi.
1560 1727 1562 1735 ‚

461 1879 508 1952 Et
520 1889 645 1953 tamen
659 1878 702 1950 in
717 1877 830 1972 coelo,
849 1875 864 1974 (
872 1905 957 1975 quae
972 1880 1048 1974 jam
1062 1877 1242 1975 patientia
1254 1892 1382 1953 nostra
1393 1880 1465 1952 est!
1482 1877 1496 1974 )

462 2007 708 2104 spernimur,
723 2031 766 2078 ac
783 2031 932 2080 mecum
946 2007 1047 2080 vires
1060 2017 1268 2082 tenuantur
1282 2004 1442 2080 Amoris.

461 2141 611 2216 Pallada
623 2166 752 2214 nonne
763 2138 890 2235 vides,
905 2137 1232 2234 iaculatricemque
1244 2139 1424 2232 Dianam,

462 2270 687 2346 Abscessissc
703 2267 828 2341 mih‘i?
841 2261 986 2341 Cereris
998 2291 1151 2364 quoque
1162 2263 1240 2338 filia
1253 2265 1377 2361 virgo,

462 2399 502 2474 Si
518 2402 725 2497 patiemur,
743 2396 815 2470 erit
831 2423 839 2469 ε
858 2421 948 2470 nam
962 2421 1044 2493 spes
1058 2395 1201 2468 affectat
1214 2393 1371 2469 eosdem.

386 2635 388 2646 Ι
462 2527 781 2626 Attuprosoci0,
799 2527 832 2600 si
848 2539 1087 2625 quaestines
1099 2525 1231 2624 gratia,
1253 2551 1387 2622 regno,
1571 2609 1572 2652 ,

462 2659 583 2755 lunge
596 2659 714 2732 Deum
726 2668 874 2754 patruo.
890 2657 1136 2731 DixitVenus
1153 2685 1162 2730 ε
1177 2657 1240 2730 ille
1253 2656 1468 2756 pharetram
1571 2671 1572 2740 ἢ

463 2790 601 2885 Solvit,
618 2801 673 2885 et,
688 2789 845 2863 arbitrio
860 2775 1190 2884 matris„de'mille
1202 2787 1339 2886 sagittis
1571 2767 1572 2785 ἵ

465 2916 765 3012 Unamseposuit
783 2946 791 2990 :
809 2917 872 2991 sed
891 2917 967 3016 qut
980 2943 1051 2991 nec
1064 2918 1208 2992 acutior
1222 2917 1317 3014 ulla,

461 3045 537 3122 Nec
555 3045 683 3119 minus
696 3047 839 3136 incerta
852 3058 924 3147 est,
944 3075 1014 3138 nec
1027 3074 1112 3146 quae
1128 3047 1243 3145 magis
1255 3046 1383 3120 audiat
1396 3051 1404 3082 ¹
1426 3071 1556 3120 arcum.

463 3177 720 3275 Oppositoque
732 3203 831 3274 genu
846 3177 1023 3252 curvavit
1035 3169 1162 3252 flexile
1173 3197 1299 3250 'comu
1307 3207 1329 3287 3¹

464 3309 585 3406 lnque
599 3333 663 3382 cor
676 3306 825 3383 hamata
837 3308 1021 3406 percussit
1030 3307 1217 3384 arundine
1234 3306 1373 3381 Ditem.

567 3425 578 3458 Ι

738 3505 785 3579 X.
813 3509 962 3604 Raptus
973 3506 1221 3603 Proserpinoe.
1571 3529 1572 3616 t

513 3685 652 3759 Hnun
661 3676 799 3782 ¹procul
810 3684 987 3772 Hennaeis
1000 3685 1103 3759 lacus
1116 3695 1171 3757 cst
1185 3709 1208 3756 a
1220 3680 1431 3778 moenibus,
1446 3681 1540 3772 altae,

467 3814 627 3890 Nominc
639 3813 794 3917 Pergus,
810 3845 917 3919 aquae
935 3847 943 3892 :
958 3843 1037 3892 non
1054 3817 1120 3890 illo
1132 3817 1243 3914 plura
1256 3815 1425 3910 Caystros
1571 3871 1572 3924 ,

512 3983 522 4014 ¹
543 3979 608 4039 Une
621 3978 711 4040 fleche
724 3983 776 4059 qui
790 3982 896 4042 entend
911 3983 996 4040 l’arc!
1011 3949 1107 4060 quelle
1117 3979 1264 4038 bardiesse
1275 3975 1312 4036 dc
1324 3976 1395 4052 style
1406 3975 1414 4030 t
