3210 5324
408 525 481 622 294
522 535 605 592 ees
635 506 1069 588 usi'rsuoeruosss
1101 525 1326 605 uorsus,

406 673 899 783 Suntquoqueduranimis.
917 675 1011 771 Cur,
1025 668 1509 772 quommododeniquesidi

406 816 462 890 Ne
477 824 619 913 pereat,
634 806 773 884 timeo?
790 804 885 893 Qus
896 803 994 878 tanti
1008 829 1119 878 eausa
1132 807 1304 882 timoris?

406 944 551 1018 Excute
568 936 737 1035 virgineo
750 945 945 1031 concepus
960 947 1109 1032 pectore
1122 935 1311 1031 flammas,

408 1073 449 1146 Si
464 1081 588 1168 potes,
606 1063 753 1138 infelix.
774 1061 814 1134 Si
826 1085 993 1159 possem,
1012 1061 1139 1135 sanior
1154 1087 1285 1136 essem.

409 1200 480 1274 Sed
494 1197 612 1272 trehit
624 1194 786 1268 invitam
801 1217 901 1268 nova
911 1191 993 1287 vis;
1008 1190 1189 1290 aliudque
1201 1187 1369 1289 Cupido.

406 1327 514 1401 Mens
526 1319 629 1398 aliud
644 1318 785 1394 suadet.
803 1315 924 1392 Video
935 1319 1111 1416 meliora,
1128 1321 1340 1418 proboque:

407 1459 602 1533 Deteriore
614 1479 751 1552 sequor
768 1460 792 1526 ¹.
812 1449 915 1539 Quid
929 1453 972 1526 in
985 1451 1152 1553 hospite,
1170 1452 1270 1550 regie
1284 1451 1409 1549 virgo,

411 1585 562 1660 Ureris'?
575 1595 612 1656 et
625 1582 807 1656 thalamos
820 1583 933 1656 alieni
944 1584 1111 1681 oonoipis
1126 1584 1228 1658 orbis
1240 1583 1281 1656 ¹?

407 1720 496 1794 Haec
503 1743 618 1816 quoq;
629 1729 729 1790 terro
735 1727 873 1813 potest,
883 1715 985 1815 quod
992 1741 1110 1812 omes,
1119 1716 1221 1789 dare.
1231 1713 1362 1809 Vivat,
1371 1739 1417 1786 an
1426 1711 1488 1784 ille

409 1844 581 1936 occidat,
596 1843 638 1914 in
651 1842 719 1916 Dis
734 1839 746 1880 ³
759 1854 814 1915 est
824 1871 833 1916 ε
844 1843 952 1916 vivat
963 1847 1111 1916 temen!
1129 1841 1244 1940 idque
1256 1841 1400 1940 promti

408 1975 478 2048 Vel
491 1975 573 2046 sine
585 1995 712 2044 amore
724 1970 823 2043 licet.
840 1969 943 2056 Quid
958 1973 1061 2045 enim
1076 1971 1265 2046 commisit
1276 1969 1409 2044 Iason?

408 2101 550 2196 Quam,
570 2099 645 2174 nisi
659 2097 870 2192 crudelem,
888 2123 968 2170 non
980 2109 1106 2196 tangat
1119 2098 1262 2172 Iasonis
1275 2110 1380 2190 aetas,

407 2233 454 2305 Et
467 2257 602 2330 genus,
619 2241 657 2302 et
670 2229 817 2302 virtus?
832 2253 947 2325 quam
963 2255 1059 2324 non,
1075 2241 1120 2301 ut
1132 2239 1263 2302 oaetera
1274 2228 1399 2302 desint
1410 2227 1444 2324 ⁴,

404 2363 539 2438 Forma
552 2384 707 2435 movere
721 2359 865 2458 potest?
877 2363 976 2433 certe
989 2385 1073 2434 mee
1085 2371 1235 2458 pecten
1249 2358 1383 2434 movit.

453 2491 522 2588 At,
540 2491 614 2564 nisi
630 2515 739 2588 opem
753 2489 892 2585 odero,
910 2500 1109 2564 taurorum
1121 2488 1308 2564 efflabitur
1319 2513 1405 2584 ore;

405 2623 688 2715 concurretque
703 2644 779 2691 suae
796 2617 926 2716 segeti,
945 2619 1081 2692 tellure
1097 2617 1228 2690 creetis

405 2747 584 2821 Hostibus
593 2777 604 2841 3
624 2758 690 2820 aut
702 2747 815 2821 avido
829 2747 981 2821 dabitur
993 2749 1072 2822 fera
1084 2749 1211 2846 prreda
1223 2747 1389 2822 drsooni.

402 2881 484 2954 Hoc
500 2905 564 2976 ego
578 2880 610 2952 si
625 2879 762 2978 patior,
780 2893 865 2954 tum
880 2907 941 2955 me
954 2881 1001 2958 de
1014 2883 1147 2981 tigride
1160 2893 1286 2956 netem
1297 2877 1312 2920 ⁶
1321 2938 1333 2976 ‚

403 3009 504 3082 Tum
517 3007 663 3081 ferrum
676 3019 715 3080 et
729 3011 902 3106 scopulos
913 3023 1052 3110 gesture
1063 3012 1107 3086 in
1124 3012 1235 3086 eorde
1246 3009 1402 3084 fatebor.
1431 3036 1437 3048 ·

401 3137 480 3212 Cur
492 3163 572 3210 non
586 3147 623 3208 et
635 3149 761 3234 specto
775 3141 1025 3235 pereuntem?
1037 3142 1239 3239 oculosque
1251 3137 1419 3216 videndo

445 3353 454 3383 ¹
480 3351 520 3409 Ge
532 3359 595 3407 mot
605 3349 642 3408 de
657 3349 758 3408 Medo
770 3369 788 3408 s
802 3351 855 3408 fait
868 3354 1024 3427 proverbe.
1039 3356 1100 3411 Ede
1115 3373 1145 3412 se
1158 3353 1242 3412 luisse
1255 3353 1404 3411 estraines
1416 3350 1435 3410 it

401 3445 633 3521 sonpenchan13
646 3443 718 3501 meis
731 3445 784 3502 elle
797 3465 827 3502 se
840 3448 1003 3505 condemno
1017 3449 1166 3523 toujours.

441 3545 455 3577 ⁸
477 3542 551 3612 Cur,
566 3541 630 3598 crim
641 3543 757 3615 sisstd'a
769 3546 858 3620 eegz's,
871 3549 1021 3622 peregrini
1032 3567 1132 3604 amore
1142 3549 1257 3604 ardes?

443 3637 457 3676 ³
477 3644 517 3698 In
530 3645 657 3698 Deorum
672 3661 761 3704 rnanu
774 3662 811 3698 ac
818 3655 973 3718 potestate.

440 3737 454 3783 ⁴
479 3741 517 3796 Ut
528 3751 635 3795 coetera
646 3740 744 3797 deesse
757 3743 923 3798 concedam.

441 3833 455 3874 ⁵
479 3841 559 3895 Tunc
577 3859 624 3896 me
641 3839 868 3897 crudelissimam
887 3861 949 3898 esse
955 3843 1086 3914 fatebor.
1108 3841 1246 3901 Crudeles
1260 3839 1336 3898 enim
1352 3851 1381 3896 et
1394 3837 1433 3898 de

397 3938 579 4010 ogm'denati
588 3939 734 4011 etserrum
746 3940 777 3996 ie
789 3941 875 3999 corde
885 3953 998 4016 gestare
1010 3941 1150 3999 dicuntur.
