3218 5342
395 515 467 616 37a
510 533 597 593 uss
624 503 1058 589 ndrnnonruosss
1088 525 1317 606 naovms,

394 681 508 770 Quod
518 679 618 754 nihit
630 689 703 774 est,
718 675 867 752 metuit.
883 673 1021 750 Metuit
1033 673 1116 748 sine
1128 681 1137 712 ¹
1152 703 1307 776 corpore
1321 695 1462 750 nomen
1473 695 1496 762 ε,

395 811 445 888 Et
459 809 560 886 dolet
575 807 711 883 infelix
725 804 846 882 veluti
862 804 910 876 de
924 804 1056 901 pellice
1070 806 1173 880 vert.

441 939 549 1036 Saepe
563 949 690 1012 tamen
702 929 870 1031 dubitat,
885 946 1082 1032 speratque
1094 936 1306 1012 miserrima
1316 933 1414 1010 falli:

389 1063 614 1168 Indicioque
629 1065 743 1142 fidem
760 1075 889 1163 negat3
904 1075 960 1161 et,
975 1064 1050 1140 nisi
1066 1065 1208 1142 viderit
1219 1067 1318 1166 ipsa,

387 1204 622 1280 Damnatum
636 1199 697 1274 sui
713 1222 795 1273 non
810 1207 866 1272 est
880 1195 1017 1270 delicta
1032 1197 1172 1272 mariti.

388 1339 539 1414 Postera
553 1335 776 1434 depulerant
791 1328 949 1406 Aurorae
965 1329 1114 1406 lumina
1127 1342 1277 1406 noctem
1291 1356 1307 1418 :¹

386 1465 588 1566 Egredior,
606 1461 794 1561 siivasque
806 1471 915 1559 pet03
933 1459 1158 1557 victorque·
1173 1485 1243 1561 per
1257 1457 1411 1552 herbas,

383 1597 493 1678 Aura
507 1594 617 1692 veni,
633 1589 736 1690 dixi,
753 1603 957 1689 nostroque
973 1589 1123 1666 medere
1139 1591 1272 1666 labori.

385 1725 437 1802 Et
451 1725 578 1802 subito
591 1723 750 1822 gemitus
764 1719 868 1796 inter
884 1746 967 1796 mea
982 1721 1099 1797 verba
1114 1720 1270 1796 videbar

384 1851 519 1930 Nescio
533 1873 628 1948 quos
644 1847 803 1923 audisse.
823 1843 940 1944 Veni,
958 1859 1106 1946 tamen,
1125 1849 1288 1946 optima,
1305 1844 1404 1920 dixi.

381 1974 535 2055 'Fronde
548 1977 673 2052 levem
687 1999 822 2050 rursus
838 1975 1038 2072 strepitum
1055 1974 1213 2050 faciente
1229 1973 1388 2068 caduot5

382 2109 481 2184 'Sum
495 2120 599 2186 ratus
615 2129 693 2182 esse
708 2104 826 2182 feram
834 2136 846 2202 5
863 2104 1059 2204 telumque
1074 2105 1225 2181 volatile
1241 2104 1339 2180 misi.

383 2236 532 2314 Procris
548 2247 628 2309 erat
636 2257 652 2308 ‘z
671 2233 872 2331 medioque
886 2246 1020 2310 tenens
1035 2236 1079 2310 in
1093 2247 1243 2334 pectore
1259 2233 1422 2343 prinus,

384 2363 459 2439 Hei
474 2363 594 2439 mihi!
611 2361 828 2438 conclamat.
845 2361 933 2438 Vox
948 2377 1003 2438 est
1017 2365 1088 2440 ubi
1103 2361 1251 2464 cognita
1264 2365 1349 2440 fidae

380 2495 578 2590 Conjugis,
593 2492 640 2566 ad
656 2515 787 2568 vocem
802 2513 967 2590 praeceps
983 2515 1188 2592 amensque
1204 2495 1369 2568 cucurri.

262 2709 265 2716 Δ
381 2625 658 2722 semanimem,
674 2637 711 2699 et
725 2650 866 2722 sparsas
878 2623 1083 2700 foedantem
1096 2627 1277 2724 sanguine
1290 2637 1430 2722 vestes,

383 2755 434 2832 Et
445 2780 532 2847 sua,
546 2778 609 2829 me
621 2753 804 2828 miserum
817 2750 851 2825 8Ι
869 2752 915 2825 de
928 2753 1088 2827 vulnere
1100 2751 1201 2827 dona
1213 2748 1454 2828 trahentem*-

383 2883 568 2979 Inveni03
587 2905 797 2980 corpusque
813 2905 897 2956 meo
912 2881 1011 2956 mihi
1026 2883 1149 2956 carius
1165 2881 1267 2956 ulnis

383 3011 565 3086 sontibus
579 3008 709 3082 attollo
725 3036 733 3082 :
752 3009 936 3106 soissdque
951 3035 974 3084 a
989 3022 1138 3107 pectore
1153 3021 1257 3085 veste

384 3139 554 3222 Vulnera
569 3163 668 3216 saeva
679 3139 780 3238 ligo:
798 3166 990 3240 conorque
1005 3141 1181 3222 inhibere
1196 3167 1392 3220 cruorem:

424 3325 441 3378 ι’
464 3324 547 3380 Aura
560 3339 686 3398 namque
697 3341 816 3400 corpore
828 3341 927 3382 carere
938 3325 1026 3403 vulgo
1036 3327 1162 3384 uiderer.

428 3425 444 3456 ⁸
469 3422 535 3480 Voti
543 3441 671 3497 compos.
683 3419 794 3480 Maleas
804 3441 931 3498 namque
942 3421 1206 3498 commorassem.

427 3521 443 3563 ³
462 3521 645 3598 Interpssido
657 3519 779 3594 fixuri
788 3534 817 3579 ee
827 3524 924 3580 doton'
933 3523 1066 3581 remim.
1080 3526 1168 3581 Flens
1179 3523 1256 3580 enim
1269 3521 1334 3580 λιες
1348 3543 1418 3582 nar·

386 3619 474 3698 sabat
487 3617 641 3694 Cephalus.

427 3711 443 3760 4
461 3713 631 3781 Scardona,
646 3709 807 3772 substituer
811 3715 958 3788 jaculum.
972 3712 1077 3788 Quelle
1092 3715 1265 3778 difftrence!
1279 3717 1419 3792 l’expres-

386 3809 453 3870 sion
461 3809 504 3868 du
513 3809 599 3884 poete
609 3823 653 3868 est
662 3811 755 3874 dictee
763 3831 820 3901 par
827 3815 855 3882 le
863 3811 947 3907 ginis
957 3825 987 3882 et
994 3814 1021 3884 le
1032 3815 1203 3878 sentiment:
1213 3815 1320 3874 l'autre
1328 3814 1416 3872 serait

386 3921 431 3984 aa
443 3917 535 3976 terme
551 3906 710 3985 ordinaire
