3210 5324
427 476 499 579 aba
543 521 627 574 uus
657 491 1098 573 nirauoaruosns
1130 518 1361 596 mortun,

423 673 482 744 Tu
492 669 769 769 quoquequiun
777 669 1068 766 primitm,satia
1076 683 1131 743 est
1139 674 1535 774 proculeseesororem,
1584 677 1585 702 *

419 805 466 880 Si
479 805 595 902 pietas
609 803 687 876 ulla
697 814 771 897 est,
792 800 935 896 adme,
951 799 1176 897 Philomela,
1192 803 1327 878 redito.

475 933 695 1029 Mandabat,
714 931 933 1030 pariterque
946 953 1025 1002 suae
1041 929 1154 1004 dabat
1163 933 1290 1006 os'cula
1306 945 1426 1028 natm,

425 1067 473 1142 Et
486 1067 661 1164 lacrymae
674 1067 785 1138 mites
803 1063 903 1136 iuter
918 1061 1095 1138 mandata
1108 1064 1302 1138 cadebant.

426 1195 554 1292 thue
566 1193 641 1267 fide
655 1191 792 1290 pignus
806 1191 957 1264 dextras
973 1191 1177 1288 utriusque
1191 1191 1380 1288 poposcit,

420 1331 527 1405 Inter
540 1350 654 1426 seque
669 1325 772 1402 datas
785 1326 917 1422 junxit
925 1358 935 1424 3
952 1339 1157 1424 natamque
1172 1338 1429 1423 nepotemque

424 1462 607 1537 Absentes
619 1457 782 1534 memori
794 1482 865 1554 pro
878 1481 917 1528 se
932 1457 1040 1550 jubet
1055 1481 1121 1528 ore
1134 1455 1317 1549 salutent3

337 1635 341 1641 -
424 1591 733 1688 Supremumque
747 1585 848 1681 vale,
868 1585 981 1683 pleno
996 1583 1224 1682 singultibus
1232 1609 1321 1678 ore,

423 1717 459 1798 ,Ὺ
460 1719 504 1792 ix
516 1717 616 1791 dixit
633 1745 641 1789 :
658 1713 866 1810 timuitque
879 1733 957 1788 suae
971 1713 1148 1810 praesagia
1159 1713 1310 1788 mentis.

473 1852 524 1925 At
540 1849 654 1924 simul
668 1847 847 1946 imposita
862 1859 917 1920 est
933 1849 1043 1944 pictae
1056 1848 1266 1924 Philomela
1278 1846 1436 1942 mnne,

421 1979 709 2078 ‘Admotumque
721 1977 865 2052 fretum
881 1978 1017 2075 remis,
1036 1977 1226 2077 tellusque
1239 1979 1393 2076 repulsa
1403 1988 1476 2072 est3

421 2113 612 2188 Vicimus!
633 2113 817 2188 exclamat
833 2142 840 2186 :
856 2138 1008 2186 mecum
1022 2139 1105 2186 mea
1120 2127 1209 2187 vota
1221 2113 1415 2187 feruntur.

420 2247 691 2350 *Exsultatqum
711 2257 748 2316 et
760 2240 974 2317 ‘vix'animo
991 2267 1058 2316 sua
1070 2245 1204 2340 gaudia
1215 2243 1344 2317 differt

424 2378 610 2452 Barbarus
629 2406 637 2450 :
653 2387 690 2448 et
703 2397 894 2470 nusquam
909 2373 1041 2446 lumen
1052 2365 1251 2474 detorquet
1267 2373 1314 2444 ab
1330 2371 1407 2444 illd.

420 2511 507 2583 Non
521 2510 648 2603 aliter,
669 2509 785 2603 qulam
802 2523 889 2578 cum
905 2505 1067 2602 pedibus
1082 2505 1271 2602 praedator
1287 2503 1449 2580 obuncis
1584 2543 1585 2602 ]

422 2635 606 2733 Deposuit
620 2631 712 2706 nido
728 2633 895 2729 leporem
908 2635 1013 2708 Jovis
1028 2633 1102 2707 ales
1115 2635 1158 2707 in
1171 2635 1265 2710 alto:

421 2769 456 2841 N
458 2768 534 2841 ulla
550 2763 636 2860 fuga
650 2775 705 2836 est
717 2775 824 2860 capto
839 2793 847 2838 :
866 2775 1005 2860 spectat
1020 2781 1087 2838 sua
1102 2766 1258 2863 praemia
1269 2778 1410 2863 raptor.

470 2895 629 2988 Jamque
642 2889 715 2962 iter
728 2889 903 2965 effectum
925 2922 932 2966 :
948 2895 1102 2991 jamque
1119 2896 1161 2966 in
1177 2917 1244 2968 sua
1257 2893 1370 2967 litora
1386 2896 1493 2970 fessis

418 3029 617 3128 Puppibus
630 3027 801 3100 exierant
818 3053 825 3100 :
843 3028 931 3101 eum
944 3053 1016 3100 rex
1027 3003 1220 3101 Pandione
1233 3039 1363 3100 natam

419 3163 466 3236 ln
479 3160 624 3233 stabula
641 3165 648 3195 '
669 3159 742 3232 alta
758 3157 897 3254 trahit,
913 3159 1019 3232 silvis
1032 3162 1190 3234 obscura
1203 3160 1364 3234 vetustis
1370 3189 1381 3252 3

419 3287 544 3384 Atque
556 3285 610 3359 ibi
618 3283 835 3382 pallentem,
849 3285 1545 3385 trepidamque,etcunctatimeutem3
1584 3311 1585 3318 ’

420 3419 467 3492 Et
479 3420 556 3513 jam
573 3444 661 3492 cum
675 3417 868 3515 lacrymis,
884 3417 1016 3491 ubisit
1030 3442 1222 3518 germana,
1232 3429 1452 3514 rogantem,

417 3549 613 3625 Includit:
631 3541 1231 3648 fassusquenefias,etvirgiuemt,
1251 3563 1421 3624 etunam
1584 3526 1585 3554 ¹

417 3681 469 3756 Vi
483 3693 654 3780 superat,
671 3681 811 3756 frustra
825 3680 982 3758 clamato
999 3709 1096 3784 saepe
1107 3697 1280 3784 patente,

464 3867 474 3898 ¹
499 3865 667 3936 Stabulum,
684 3867 798 3942 repaire
819 3867 870 3924 des
888 3869 968 3924 bttes
986 3869 1099 3926 laures-
1118 3869 1158 3926 Ce
1171 3882 1235 3925 mot
1252 3881 1295 3926 est
1315 3867 1371 3926 mis
1389 3887 1464 3926 aveo
1584 3889 1585 3912 ¹

417 3963 575 4040 beaucoup
588 3963 626 4021 de
635 3965 729 4042 gout5
744 3967 835 4024 Terta
847 3977 891 4028 est
904 3967 1001 4026 moins
1017 3987 1060 4025 uu
1072 3967 1190 4027 homme
1204 3969 1301 4046 qu’un
1314 3966 1401 4044 tigre.
