3218 5342
405 571 477 648 526
525 590 610 645 uss
641 561 1073 644 udranoarnosss
1104 587 1329 670 novius,

403 735 535 808 Pelion
554 735 796 828 umbrosum,
815 727 1007 826 Philyreia
1022 742 1138 830 tecta,
1156 759 1347 833 superque

405 861 580 965 Othryn,
599 879 637 940 et
650 875 792 940 eventu
805 861 943 938 veteris
955 861 1036 937 loce
1048 875 1139 937 nota
1151 863 1335 941 Cerambi.

404 999 477 1072 Hic
490 1025 561 1098 ope
572 997 839 1098 Nympharum
857 995 1026 1068 sublatus
1039 993 1082 1066 in
1094 1000 1180 1068 a'era
1191 998 1349 1094 pennis,

404 1127 502 1202 Cum
516 1129 639 1226 gratris
655 1125 783 1202 irrfrrso
796 1122 908 1199 tellus
924 1124 1021 1199 foret
1036 1127 1174 1201 obruta
1186 1142 1322 1226 ponto,

404 1255 671 1336 Deucalioneas
690 1255 818 1353 effugit
831 1255 1034 1329 inobrutus
1050 1255 1188 1331 undas.

453 1389 616 1464 AEoliam
630 1389 789 1463 Pitanen
802 1411 824 1459 a
835 1385 932 1461 laevrl
945 1397 1051 1484 parte
1065 1387 1271 1485 relinquit,

404 1519 587 1618 Factaque
604 1519 651 1594 de
668 1493 758 1611 sexo
773 1517 877 1614 longi
893 1517 1094 1593 simulacra
1105 1517 1279 1594 draconis
1295 1527 1328 1594 ¹:

404 1649 624 1749 Idaeumque
637 1673 790 1746 nemus,
806 1673 904 1746 quo,
919 1647 999 1722 nati
1011 1647 1131 1748 furta,
1149 1650 1360 1746 juvencum

406 1779 585 1853 Occuluit
598 1778 711 1852 liber
725 1775 807 1850 falsi
820 1778 891 1850 sub
908 1776 1071 1877 imagine
1083 1779 1209 1876 cervi3

408 1906 568 2005 Quaque
581 1919 686 2005 pater
700 1904 883 2004 Corythi·
896 1904 1240 2004 pmttumulatur
1250 1907 1381 2007 areni,

406 2035 453 2108 Et
466 2061 561 2132 quos
573 2035 688 2109 Maera
705 2060 807 2108 novo
823 2035 960 2108 latratu
977 2034 1115 2109 terruit
1131 2059 1247 2133 agros.

406 2163 668 2263 Eurypylique
682 2166 836 2261 urbem,
855 2165 932 2263 quei
944 2165 1029 2239 00ae
1044 2191 1187 2240 cornua
1200 2178 1339 2242 matres

406 2291 630 2392 Gesserunt,
648 2306 731 2369 tum
744 2299 834 2369 ciam
847 2294 1055 2371 discederet
1066 2295 1240 2370 Herculis
1252 2322 1396 2396 agmen.

405 2423 685 2524 Phoebeamque
699 2425 881 2523 Rhodon,
901 2439 938 2500 ct
951 2427 1106 2526 Ialysios
1118 2425 1337 2526 Telchinas,

407 2550 585 2637 Quorum
598 2555 745 2648 oculos,
763 2555 844 2650 ipso
860 2554 1038 2630 vitiantes
1051 2556 1181 2630 omnia
1194 2555 1301 2652 visu,

408 2677 585 2774 Juppiter
601 2699 757 2771 exosus,
774 2676 950 2750 fraternis
965 2679 1136 2752 subdidit
1150 2679 1278 2756 undis.

356 2892 358 2900 s
409 2803 563 2878 Transit
577 2813 614 2874 et
627 2800 794 2898 antiquae
808 2803 982 2877 Cartheia
998 2805 1142 2878 moenia
1157 2807 1260 2903 Ceos,

410 2937 496 3025 Qua
512 2947 618 3034 pater
633 2931 842 3008 Alcidamas
855 2935 1041 3033 placidam
1054 2935 1101 3010 de
1117 2961 1273 3036 corpore
1289 2952 1385 3014 natac

410 3071 618 3144 Miratmus
636 3079 715 3141 crat
730 3069 833 3140 nasci
845 3069 1013 3167 potuisse
1028 3070 1254 3146 columbam.

459 3194 554 3272 Inde
567 3195 669 3268 lacus
682 3195 819 3294 Hyries
836 3194 961 3294 videt,
981 3209 1019 3272 et
1032 3204 1185 3296 cycneia
1197 3199 1358 3300 Tempe,

412 3323 509 3416 Quae
522 3328 670 3402 subitus
684 3328 885 3404 celebravit
898 3329 992 3405 olor.
1010 3331 1107 3406 Nam
1120 3303 1293 3430 Phyllius
1306 3331 1384 3406 illic

412 3461 578 3558 Imperio
592 3459 702 3558 pueri
716 3461 964 3560 volucresque
978 3463 1178 3561 serumque
1192 3463 1339 3538 leonem
1428 3503 1431 3506 ·

308 3587 312 3598 '
412 3587 634 3663 Tradiderat
649 3585 813 3663 domitos
830 3617 838 3662 :
853 3601 1008 3664 taurum
1018 3617 1172 3689 quoque
1180 3592 1334 3664 vincere
1345 3593 1488 3687 jussus,

457 3807 466 3836 ³
483 3801 524 3858 Le
534 3811 650 3876 serpent
660 3802 770 3880 change
780 3821 816 3860 en
824 3803 921 3880 pierre
928 3821 984 3880 par
992 3805 1223 3884 Apoll0a‚pour
1230 3777 1316 3864 arcii
1324 3809 1447 3884 cumqe

414 3899 451 3957 de
461 3917 505 3957 ses
514 3919 664 3959 morsui-es
672 3902 699 3958 la
708 3903 766 3959 tlte
773 3901 995 3988 d'Orph6e‚mis
1004 3924 1040 3962 en
1047 3905 1142 3981 pisces
1149 3925 1205 3985 pur
1213 3905 1446 3966 lesuacchmus.

454 4021 468 4052 ¹
485 4015 631 4093 Combe,
642 4013 688 4075 fils
701 4015 738 4074 de
749 4018 832 4078 Paris
844 4031 873 4078 et
886 4019 1053 4080 d’OFnone.
