3210 5324
407 547 479 622 256
527 564 612 620 nes
642 536 1075 620 uersuoaenosas
1105 563 1330 645 movins,

319 697 324 706 ’
406 707 555 806 Sexque
571 707 667 782 datis
680 709 775 803 letn,
790 706 1015 806 diversaque
1029 707 1192 783 vulnera
1206 711 1343 810 passis,

405 839 546 916 Ultima
562 843 722 916 restabat
738 870 745 916 :
763 868 879 940 quam
894 852 974 914 toto
990 865 1147 938 corpore
1162 853 1303 938 mater,

404 969 499 1043 Tota
515 983 617 1044 veste
632 984 777 1070 tegens,
796 970 923 1046 Unam
938 969 1215 1069 minimamque
1229 971 1420 1069 relinque.

404 1100 462 1175 De
477 1103 609 1178 multis
625 1105 826 1180 minimam
842 1127 973 1200 posco,
992 1101 1186 1198 clamavit,
1206 1113 1244 1178 ct
1259 1129 1392 1180 unam.

406 1229 587 1328 Dumque
602 1243 723 1332 rogat,
741 1258 811 1331 pro
828 1230 906 1329 qud
922 1242 1043 1328 rogat,
1062 1229 1211 1305 occidit.

687 1423 768 1501 lX.
795 1427 915 1502 Niobe
929 1429 969 1498 in
983 1439 1162 1500 statuam.

1191 1605 1319 1680 Onus
1333 1606 1477 1682 resedit

405 1717 609 1812 Exanimes
625 1739 726 1814 inter
741 1748 867 1836 natos,
885 1750 1082 1834 natasque,
1101 1736 1327 1834 virumque:
1433 1747 1436 1750 ’

407 1863 650 1961 Diriguitque
665 1864 786 1938 malis.
805 1863 936 1937 Nullos
953 1873 1083 1936 movet
1096 1887 1189 1936 aura
1203 1861 1355 1960 capillos
1370 1893 1378 1938 :

408 1993 456 2069 In
472 1996 585 2070 vultu
603 1983 705 2070 color
721 1995 873 2070 estsine
890 1994 1087 2091 sanguine:
1104 1993 1252 2068 lumina
1267 1994 1415 2070 moestis

409 2133 517 2205 Stant
533 2133 691 2208 immota
710 2138 719 2170 ¹
734 2130 839 2230 genis
856 2157 863 2202 :
884 2127 985 2202 nihil
997 2137 1053 2200 est
1067 2129 1110 2200 in
1127 2127 1288 2225 imagine
1304 2128 1401 2203 vivi.

408 2262 495 2359 lpsa
507 2290 660 2362 quoque
675 2261 836 2338 interius
853 2285 941 2334 cum
957 2257 1057 2334 duro
1070 2259 1200 2358 lingua
1214 2262 1336 2358 palato

411 2394 606 2493 congelat,
626 2407 663 2469 ct
675 2419 784 2470 venae
800 2391 989 2466 desistunt
1003 2417 1111 2490 posse
1127 2391 1287 2467 moveri.

410 2523 487 2598 Nec
503 2524 603 2599 flecti
619 2525 770 2622 cervix,
787 2549 860 2597 nec
875 2519 1030 2596 brachia
1049 2520 1206 2596 reddere
1221 2531 1362 2620 gestus,

340 2649 344 2658 '
410 2649 488 2726 Nec
503 2677 567 2749 pes
584 2651 641 2726 ire
656 2659 795 2749 petest:
814 2651 915 2722 intra
928 2673 1081 2746 quoque
1095 2649 1240 2724 viscera
1254 2675 1391 2724 saxum
1409 2663 1482 2726 est.

412 2779 493 2852 Flet
509 2791 654 2876 tamen,
673 2792 710 2854 et
726 2777 846 2854 validi
861 2777 1092 2853 circumdata
1106 2778 1262 2852 turbine
1276 2777 1384 2852 venti

414 2908 461 2981 In
475 2908 634 3006 patriam
649 2919 755 3008 rapta
772 2920 845 2982 est:
862 2906 932 2980 ubi
948 2905 1025 2980 fixa
1040 2907 1235 2982 cacumine
1248 2907 1390 2981 montis

414 3035 613 3134 Liquitur,
632 3050 670 3112 ct
682 3039 865 3138 lacrymas
883 3037 1093 3112 etiamnum
1107 3062 1297 3113 marmora
1311 3048 1485 3111 manant.

464 3165 566 3242 Tum
581 3170 674 3244 verb
689 3170 786 3244 tanti
802 3167 1038 3246 manifestam
1050 3166 1224 3244 numinis
1239 3168 1357 3263 iram,

417 3299 444 3374 F
445 3300 582 3376 aemina
598 3301 753 3402 virque,
771 3304 935 3378 timent:
953 3302 1136 3399 cultuque
1151 3299 1361 3397 impensius
1378 3323 1519 3373 omncs

415 3427 548 3525 Magna
559 3429 805 3528 gemelliparae
818 3441 1051 3505 venerantur
1064 3428 1225 3504 numina
1236 3427 1359 3502 Divae.

413 3648 415 3657 ,
461 3593 574 3666 ¹·Quel
597 3593 738 3652 tableau!
763 3594 860 3670 quelle
882 3595 990 3652 touche
1012 3593 1191 3670 energique!
1215 3593 1401 3666 Remsrquez
1422 3609 1463 3646 en

389 3765 391 3770 Α
418 3688 589 3764 particulier
602 3709 634 3746 ce
650 3689 719 3746 tr'ait
733 3689 878 3748 distinctis
883 3731 892 3761 ‚
912 3690 966 3766 qui
980 3701 1023 3748 est
1038 3690 1127 3746 d’une
1147 3688 1258 3766 grande
1271 3687 1362 3743 force.
1382 3685 1462 3744 Rieu

418 3802 455 3844 ne
470 3788 642 3848 caracterise
655 3789 754 3846 mieux
770 3809 829 3847 une
848 3800 945 3848 statue
958 3809 1017 3866 que
1029 3787 1221 3846 l’immobilite
1233 3785 1270 3844 de
1282 3785 1362 3842 l'oeil.
1379 3786 1461 3844 Mais

420 3905 479 3962 que
491 3905 524 3944 ce
537 3906 616 3962 coup
630 3887 667 3944 de
679 3887 805 3963 pinceau
816 3888 887 3945 etait
896 3887 1012 3948 difficile
1025 3888 1041 3947 d
1052 3885 1229 3966 reproduire
1240 3901 1311 3944 avec
1322 3884 1350 3940 la
1362 3883 1461 3942 meme

419 3986 571 4064 simplicite
585 3999 613 4046 et
629 3990 657 4048 la
671 3989 765 4049 meme
778 3989 913 4067 energie!
