3170 5304
400 553 469 624 214
512 565 597 622 nes
627 537 1062 642 neranonrflopus
1093 563 1321 643 mortue,

397 713 474 784 Ora
490 713 608 784 rubor
625 717 655 805 ¹3
674 731 883 803 rursusque
899 703 1067 814 evanuit.
1088 703 1140 777 Ut
1152 707 1244 780 solet
1256 713 1319 782 aer
1349 757 1350 762 =
1391 727 1398 738 ·

395 838 616 936 Purpureus
633 839 737 934 fieri,
752 839 841 912 cum
858 835 1029 932 primum
1043 835 1191 914 Aurora
1203 851 1397 937 movetur3

394 969 443 1040 Et
458 971 572 1042 breve
585 983 669 1066 post
683 979 834 1064 tempus
849 963 1069 1039 candescere
1087 967 1183 1040 Solis
1197 969 1243 1041 ab
1257 969 1347 1042 ictu.

242 1111 246 1119 '
296 1173 299 1180 Δ
394 1095 776 1192 Perstatinincepto‚
796 1091 1016 1190 stolidaeque
1032 1094 1213 1192 cupidine
1226 1095 1358 1192 palmae

393 1228 441 1302 In
453 1253 521 1301 sua
533 1225 606 1299 fata
619 1225 710 1299 ruit.
729 1227 861 1323 Neque
874 1225 979 1298 enim
991 1225 1085 1300 Jove
1099 1239 1187 1301 nata
1200 1241 1362 1304 recusat:

393 1355 473 1430 Nec
483 1367 614 1428 monet
626 1353 788 1428 ulterius
805 1382 813 1428 :
829 1379 899 1427 nec
913 1355 990 1449 jam
1004 1357 1211 1431 certamina
1223 1357 1360 1432 diffen.

480 1565 534 1638 ΙΙ.
562 1566 800 1663 Pmpositum
813 1576 1000 1636 certamen
1013 1568 1151 1665 occiput
1165 1571 1353 1644 Minerua.

441 1774 580 1850 Hnun
596 1799 723 1848 mora:
738 1773 951 1848 consistunt
964 1771 1123 1849 diversis
1136 1778 1306 1874 partibus
1319 1780 1454 1877 ambae,

392 1906 440 1982 Et
457 1905 583 2002 gracili
595 1906 758 2002 geminas
772 1905 980 1981 intendunt
995 1907 1155 1982 stamine
1167 1907 1269 1995 telas,

393 2038 482 2112 Tela
493 2041 580 2136 jugo
592 2040 721 2132 uincta
734 2051 788 2113 est
805 2068 813 2112 :
829 2051 973 2112 stamen
990 2038 1152 2113 secernit
1164 2035 1331 2112 arundo:

390 2168 577 2243 Inseritur
593 2169 764 2244 medium
778 2171 894 2244 radiis
911 2174 1110 2246 subtemen
1126 2173 1262 2270 acutis,

391 2303 505 2390 Quod
519 2304 627 2402 digiti
640 2303 870 2402 expediunt,
885 2316 999 2402 atque
1012 2305 1113 2377 inter
1126 2303 1286 2377 stamina
1300 2300 1459 2378 ductum

390 2431 571 2506 Percusso
589 2433 734 2508 feriunt
749 2434 883 2509 insecti
899 2435 1048 2532 pectine
1062 2423 1204 2508 dentes.

304 2539 310 2552 ι
389 2561 558 2661 Utraque
574 2564 752 2639 festinant
769 2596 776 2639 :
794 2567 1002 2662 cinctaeque
1019 2565 1065 2638 ad
1083 2577 1235 2663 pectora
1249 2574 1369 2636 vestes

389 2693 548 2769 Brachia
564 2696 671 2770 docta
684 2709 859 2792 movent,
873 2693 1000 2770 studio
1012 2693 1165 2768 fallente
1181 2694 1360 2768 laborem.

389 2823 471 2899 Illic
488 2838 525 2898 et
533 2824 696 2922 Tyrium
711 2853 796 2924 quae
809 2809 981 2923 purpura
996 2823 1112 2896 sensit
1128 2827 1266 2895 a'enum

389 2955 570 3054 Texitur,
587 2969 624 3030 et
639 2971 771 3032 tenues
786 2956 896 3054 parvi
911 2953 1142 3028 discriminis
1154 2955 1320 3027 umbrie:

312 3167 316 3177 ,
389 3081 519 3168 Qualis
532 3087 578 3158 ab
593 3085 715 3159 imbre
728 3084 821 3156 solet
835 3106 1035 3180 percussus
1053 3082 1195 3156 solibus
1212 3107 1320 3156 arcus

388 3211 545 3288 lnficere
558 3213 702 3312 ingenti
715 3215 871 3312 longum
886 3214 1108 3288 curvamine
1121 3215 1282 3311 coelum3
1357 3195 1361 3206 ⁸

388 3343 434 3416 ln
447 3370 524 3441 quo
538 3342 679 3418 diversi
692 3345 838 3418 niteant
852 3345 940 3419 cum
954 3344 1059 3419 mille
1074 3345 1232 3442 colores,

387 3473 586 3548 Transitus
599 3476 678 3572 ipse
692 3487 816 3549 tamen
831 3477 1036 3574 spectantia
1048 3477 1195 3550 lumina
1208 3475 1302 3549 fallit
1310 3507 1320 3572 3

386 3609 614 3708 Usqueadeo
621 3610 723 3708 quod.
733 3612 848 3710 tangit
856 3611 959 3686 idem
968 3615 1041 3686 est!
1053 3601 1320 3684 tamen‘ultima
1327 3609 1485 3689 distant.

430 3779 441 3810 ⁸
453 3775 537 3835 Gette
548 3789 680 3854 rougeur
688 3776 886 3836 involentaire
900 3779 953 3856 qui
964 3761 1116 3838 monteau
1127 3778 1225 3855 visage
1237 3775 1422 3846 d'Arachnt,

381 3883 416 3932 ‘et
429 3874 482 3950 qui
494 3894 524 3931 se
534 3874 798 3950 dissipelaussittn
819 3897 943 3956 marque
954 3878 1027 3938 dans
1039 3879 1066 3936 le
1077 3877 1164 3955 poete
1178 3877 1204 3936 le
1215 3876 1306 3936 talcnt
1316 3873 1354 3934 de
1364 3875 1423 3936 sni-

386 3972 426 4029 sir
438 3973 465 4030 la
479 3984 585 4031 nature
597 3993 649 4032 sur
661 3975 686 4034 le
698 3976 761 4034 fait.
