3178 5312
625 300 643 334 ff

341 489 343 502 ’
431 511 503 587 144
549 527 632 585 ces
661 501 1101 585 uersuonrflosns
1132 505 1356 602 ovovror,

426 673 505 754 Nec
522 675 620 754 mala
633 674 851 750 mollierunt
867 703 875 749 ε
895 673 960 748 sed
976 674 1210 749 inexorabile
1224 673 1347 749 durus

430 808 589 882 Exerces
602 803 754 900 odium,
769 829 840 876 nec
854 801 989 904 iniqui
1004 801 1092 876 finis
1110 803 1153 876 in
1169 803 1228 878 irt
1244 815 1312 878 est.

428 944 619 1018 Detrectas
636 939 749 1014 etiam
766 937 895 1014 laudes
912 969 920 1014 :
938 937 1140 1036 fictamque
1152 938 1321 1014 Medusae

303 1117 304 1120 ,
430 1071 566 1171 Argois
578 1095 655 1145 esse
669 1094 812 1142 necem.
830 1067 1016 1144 Dabimus
1030 1068 1103 1142 tibi
1117 1067 1274 1167 pignora
1286 1065 1392 1164 veri3

430 1199 573 1274 Parcite
587 1198 819 1294 luminibus,
838 1197 996 1272 Perseus
1011 1199 1064 1270 ait
1084 1223 1093 1271 τ
1112 1223 1253 1294 oraque
1268 1199 1384 1295 regis,

428 1335 506 1411 Ore
518 1331 726 1428 Medusaeo,
743 1329 886 1405 silicem
899 1330 981 1404 sine
994 1333 1177 1430 sanguine
1189 1333 1290 1408 fecit.

531 1613 534 1624 ·
577 1578 648 1654 Vl.
675 1579 856 1653 Palladis
869 1580 977 1678 apud
988 1581 1128 1654 Muros
1141 1583 1317 1655 visitatio.

479 1804 740 1882 ascensus
753 1808 941 1906 aurigenae
954 1815 963 1846 ¹
983 1809 1159 1885 comitem
1173 1810 1348 1886 Tritonia
1359 1809 1466 1884 fratri
1573 1849 1574 1902 3

431 1939 478 2010 Se
490 1935 595 2010 dedit
612 1965 619 2010 :
635 1935 727 2010 inde
739 1937 830 2011 cavi
845 1937 1077 2013 circumdala
1090 1941 1193 2014 nube
1208 1941 1397 2039 Seriphon

431 2064 597 2162 Deserit3
615 2091 637 2137 a
653 2063 786 2138 dextra
798 2063 952 2161 Cythno
964 2062 1167 2162 Gyaroque
1179 2066 1330 2142 relictis.

432 2199 594 2297 Quaque
610 2222 724 2295 super
737 2209 900 2295 pontum
913 2200 977 2274 via
989 2199 1070 2273 visa
1083 2201 1324 2297 brevissima,
1340 2198 1485 2272 Thebas
1573 2173 1574 2246 l

430 2326 729 2424 virgineumque
745 2322 927 2398 Helicona
940 2325 1035 2423 petit
1052 2356 1060 2400 ε
1081 2353 1159 2424 quo
1172 2341 1301 2402 monte
1314 2329 1435 2427 potita

346 2447 360 2472 ‘
431 2453 608 2528 Constitit
616 2483 626 2548 ;
646 2465 683 2524 et
698 2451 823 2526 doctas
837 2455 891 2527 sic
906 2466 961 2529 est
972 2453 1079 2528 affata
1092 2455 1256 2533 Sorores.

481 2583 593 2656 Fama
605 2581 698 2654 novi
710 2580 827 2655 fontis
843 2567 987 2656 nostras
1004 2586 1180 2681 pervenit
1193 2588 1239 2662 ad
1256 2615 1384 2688 aures,

431 2716 538 2789 Dura
553 2711 733 2788 Medusaei
747 2739 862 2810 quem
876 2717 1051 2814 praepetis
1063 2721 1207 2816 ungula
1226 2723 1344 2819 rupit.

430 2843 467 2918 Is
480 2840 579 2916 mihi
591 2865 700 2914 causa
712 2839 787 2914 vice
806 2869 814 2915 ε
834 2842 942 2916 volui
958 2843 1131 2918 mirabile
1147 2861 1362 2925 monstrum

429 2975 592 3050 Cernere
609 2971 718 3048 :nidi
734 2973 863 3070 ipsum
877 2987 1050 3050 materno
1063 2980 1244 3076 sanguine
1258 2983 1373 3058 nasci.

478 3104 630 3203 Excipit
641 3102 782 3177 Uranie
790 3129 807 3180 a
824 3104 1084 3205 Quaecumque
1099 3123 1155 3184 est
1171 3137 1280 3186 causa
1291 3113 1450 3190 videndi

430 3237 506 3313 Has
518 3238 610 3334 tibi,
625 3236 744 3333 Diva,
761 3234 892 3310 domos
908 3239 1037 3313 animo
1050 3240 1257 3338 gratissima
1273 3259 1405 3321 nostro
1422 3273 1471 3324 es.
1523 3295 1525 3302 ·

430 3366 528 3441 Vera
540 3377 666 3460 tprnen
680 3363 779 3438 fama
795 3377 850 3438 est
868 3394 876 3439 :
892 3379 929 3440 et
944 3367 1102 3465 Pegasus
1116 3369 1233 3467 hujus
1247 3374 1349 3471 origo
1365 3381 1379 3412 ¹

474 3567 484 3596 ¹
504 3559 671 3635 Aurigcnoe.
685 3559 822 3634 Lepoete
834 3561 952 3640 designa
964 3563 1167 3636 circipanis,
1177 3569 1215 3624 ns
1225 3567 1262 3625 de
1272 3569 1391 3645 lapluie
1401 3570 1466 3630 (l’or

430 3680 491 3739 que
504 3657 622 3733 Jupiter
635 3655 774 3732 repandit
784 3658 858 3717 dans
868 3661 897 3718 lu
910 3672 981 3719 tour
994 3661 1031 3718 de
1043 3662 1155 3723 Danae.

474 3765 487 3795 ¹
508 3759 632 3818 Nullam
645 3755 700 3814 hoc
715 3759 778 3814 loco
786 3765 880 3834 pocta
895 3763 1016 3838 exponit
1027 3765 1327 3837 transformationem,
1341 3769 1397 3823 sed
1406 3787 1465 3825 rem

432 3860 505 3917 rane
523 3857 732 3916 adamandam
747 3859 902 3932 describit,
923 3865 980 3942 quo
998 3865 1164 3923 concionalis
1179 3865 1332 3928 Musarmn
1350 3870 1383 3930 in
1400 3887 1464 3928 aves

429 3957 630 4016 transmutatio
640 3957 834 4048 ⁸‹culorectotun
