3218 5342
456 561 529 637 546
572 577 656 636 ass
686 547 1131 633 nirsnonrsosss
1162 575 1381 660 nsovroa,

453 721 541 800 Non
557 723 641 797 cani
654 721 806 820 tetigere
818 720 902 818 lupi
922 748 930 794 :
946 719 1089 818 dilapsa
1104 721 1337 824 liquescunt,

453 857 668 956 Afflatuque
683 869 823 932 nocent
831 887 842 953 ;
863 869 900 930 et
915 868 1033 956 agunt
1045 859 1214 956 contagia
1226 861 1311 936 late.

501 987 681 1064 Pervenit
692 987 739 1060 ad
754 987 929 1082 miseros,
945 986 1085 1060 damno
1098 988 1289 1084 graviore,
1304 990 1443 1064 colonos

453 1116 593 1214 Pestis,
612 1129 649 1191 et
664 1116 707 1189 in
724 1141 868 1214 magnae
881 1115 1102 1190 dominatur
1118 1117 1313 1197 moenibus
1327 1118 1436 1194 urbia.

453 1245 605 1322 Viscera
617 1257 814 1321 torrentur
824 1246 950 1343 primb
967 1275 975 1320 :
990 1245 1231 1345 flemmaequc
1243 1249 1391 1326 latentis

453 1377 646 1454 Indicium
659 1379 778 1454 rubor
792 1389 866 1475 est,
885 1389 923 1452 et
938 1377 1077 1452 ductus
1090 1377 1281 1453 anhelitus
1294 1383 1397 1478 tegre.

454 1505 599 1604 Aspera
612 1505 741 1603 lingua
755 1516 879 1578 tumet
884 1533 895 1600 ;
912 1504 1146 1601 trepidisque
1159 1507 1306 1582 arentia
1318 1505 1419 1582 venis

457 1638 533 1714 Ora
545 1631 676 1734 patent
694 1661 896 1732 :auraeque
911 1661 1042 1732 graves
1056 1647 1256 1732 captantur
1269 1637 1390 1712 histri.

458 1767 539 1842 llon
554 1778 734 1862 stratum,
752 1791 833 1838 non
847 1765 926 1840 ulla
940 1763 1018 1872 pati
1032 1767 1222 1842 velamina
1234 1779 1392 1866 possunt
1397 1795 1408 1862 ;

459 1899 561 1973 Dura
574 1898 637 1972 scd
655 1899 699 1970 in
715 1909 815 1970 terra
831 1907 984 1994 ponunt
995 1895 1202 1993 praecordia
1218 1925 1226 1970 :
1242 1921 1315 1971 nec
1325 1897 1369 1979 fit

452 2031 600 2130 Corpus
612 2029 735 2104 humo
747 2027 934 2127 gelidum,
953 2027 1017 2102 sed
1032 2028 1176 2104 humus
1186 2029 1235 2105 de
1246 2057 1400 2131 corpore
1407 2029 1516 2107 fervet.

502 2163 580 2238 Nec
592 2160 808 2234 moderator
819 2159 941 2256 adest,
958 2158 1080 2256 inque
1092 2161 1193 2257 ipsos
1209 2186 1311 2236 saeva
1323 2160 1492 2236 medentes

454 2295 633 2394 Erumpit
646 2296 784 2392 clades,
804 2295 1018 2392 obsuntque
1035 2296 1253 2372 auctoribus
1266 2309 1377 2374 artes.

456 2427 545 2514 Quo
560 2427 717 2525 propior
728 2426 890 2525 quisque
902 2439 975 2524 est,
991 2427 1185 2525 servitque
1197 2425 1348 2504 fidelibs
1361 2451 1463 2526 segro3

455 2561 502 2636 ln
515 2569 660 2658 partem
673 2559 740 2632 leti
755 2559 868 2634 citius
879 2558 1000 2633 venit.
1023 2557 1149 2656 thue
1165 2559 1298 2634 salutis

454 2695 549 2793 Spes
562 2694 675 2793 abiit,
689 2693 883 2792 finemque
896 2693 1030 2767 vident
1043 2689 1086 2768 in
1100 2692 1235 2766 funere
1248 2691 1392 2786 morbi3

323 2925 326 2932 .
459 2825 659 2924 Indulgent
672 2825 810 2898 animis
827 2855 835 2899 t
852 2837 889 2900 et
898 2825 1027 2918 nulla,
1043 2822 1136 2922 quid
1153 2825 1375 2928 utilcqcura
1386 2831 1450 2912 θεὶς
1575 2851 1576 2935 p

459 2957 559 3032 Utile
575 2959 678 3032 enim
693 2955 793 3032 nihil
808 2970 874 3033 est.
892 2956 1054 3054 Passim,
1069 2957 1269 3054 positoque
1284 2953 1440 3054 pudore,

458 3085 657 3191 Fontibus,
674 3097 710 3158 et
722 3084 870 3182 fluviis,
885 3085 1086 3182 puteisque
1100 3085 1297 3182 capacibus
1313 3082 1466 3156 haerent:

457 3219 531 3295 Neo
543 3217 651 3316 prins
667 3228 721 3290 est
734 3217 917 3291 exstinctu
934 3217 1034 3314 sitis,
1050 3217 1166 3316 quim
1178 3215 1277 3314 vita,
1292 3199 1459 3291 bibendo.

455 3347 552 3424 lnde
565 3371 694 3445 graves
708 3345 822 3419 multi
834 3357 1033 3444 nequeunt
1044 3369 1286 3443 consurgere,
1305 3353 1344 3416 et
1357 3337 1441 3438 ipsis

454 3475 736 3552 immoriuntur
747 3477 855 3573 aquis
873 3506 881 3551 :
901 3477 997 3550 alius
1013 3487 1139 3552 tamen
1155 3475 1287 3550 haurit
1299 3484 1338 3548 et
1348 3469 1425 3546 illas
1439 3473 1459 3538 '-

499 3709 509 3740 ¹
531 3705 628 3762 Mam
640 3703 709 3762 illas
725 3705 913 3764 cadaveribus
920 3707 1063 3784 soetenter
1077 3719 1106 3764 et
1112 3709 1224 3783 plenos
1229 3747 1241 3776 ,
1255 3707 1287 3762 in
1300 3703 1401 3780 quibus
1411 3694 1483 3754 multi

459 3805 664 3862 moriebantur.
683 3807 736 3864 Cet
754 3803 923 3864 hemisticbe
941 3806 1032 3876 erait,
1048 3825 1103 3884 par
1121 3825 1154 3864 sa
1172 3817 1318 3864 tournnre
1333 3797 1479 3862 tradita,

458 3905 549 3962 d’une
569 3902 711 3962 difficults
732 3902 938 3979 desperante
955 3905 972 3962 d
992 3904 1125 3964 traduire
1144 3904 1219 3962 dans
1240 3922 1299 3960 une
1320 3903 1424 3979 langue
1439 3887 1483 3970 qui

461 4005 591 4066 o’rdmet
603 4005 668 4065 rien
680 4022 739 4082 que
752 4003 789 4062 de
803 4003 892 4064 noble
905 4003 979 4064 daus
992 4005 1020 4064 ln
1034 4003 1133 4082 poesie
1146 3994 1301 4064 souteuue.
