3214 5300
440 541 494 630 ’46
566 567 652 624 nas
682 536 1118 622 nirsuonnnosns
1146 561 1373 641 novans,

443 714 531 801 Quo
545 712 658 788 simul
670 708 847 804 intravit,
863 731 1042 804 sacroque
1057 733 1079 780 a
1094 731 1252 804 corpore
1267 734 1440 805 pressum

443 846 632 944 Ingemuit
643 844 782 936 linien3
799 840 874 913 uia
890 840 1076 914 Cerberus
1092 840 1232 914 extulit
1244 867 1327 938 ora,
1432 890 1434 896 ι

444 979 492 1052 Et
503 991 580 1052 tres
588 978 745 1052 latrante
758 971 875 1047 simul
888 969 1020 1046 edidit.
1039 971 1109 1046 Illa
1122 955 1274 1046 sorores

442 1105 558 1180 Nocte
573 1117 682 1181 vocat
693 1101 852 1202 genitas,
868 1125 980 1200 grave
993 1114 1031 1174 et
1042 1101 1277 1212 implacabile
1292 1129 1453 1179 numen.

443 1241 611 1315 Carceris
626 1251 713 1314 ante
725 1237 825 1314 iores
839 1237 979 1310 clausas
996 1235 1194 1312 adamante
1209 1236 1389 1312 sedebant
1397 1268 1410 1335 ;

443 1375 576 1470 Deque
590 1372 668 1447 suis
680 1385 779 1446 atros
796 1369 995 1467 pectebant
1010 1369 1182 1458 crinibus
1195 1395 1346 1467 angues.

445 1504 571 1589 Quam
584 1505 700 1580 simul
712 1513 902 1601 agnorunt
917 1500 1019 1574 inter
1035 1499 1202 1597 caliginis
1216 1500 1388 1594 umbras,

444 1637 652 1714 surrexere
667 1638 769 1711 Deae.
790 1632 902 1708 Sedes
916 1633 1099 1707 Scelerata
1111 1644 1295 1707 vocatur:
1320 1661 1322 1668 ¹

490 1765 643 1840 Viscera
654 1762 845 1862 praebebat
856 1757 988 1858 Tityos
1004 1757 1182 1832 lanianda
1199 1765 1205 1792 ¹
1222 1818 1233 1856 ,
1251 1783 1467 1854 novemque

442 1897 643 1994 iugeribus
656 1894 842 1967 distentus
856 1902 936 1962 erat
955 1918 963 1962 :
981 1890 1052 1962 tibi
1064 1947 1075 1985 ,
1086 1886 1258 1985 Tantalo,
1278 1887 1395 1960 nullae

441 2029 744 2128 Deprenduntur
756 2051 884 2123 aquae3
900 2048 1064 2121 quaeque
1071 2021 1268 2118 imminet,
1284 2019 1414 2120 effingit
1422 2021 1533 2095 arbos.

442 2159 522 2233 Aut
533 2159 651 2257 petis,
665 2168 732 2232 aut
744 2181 854 2253 urges
868 2153 1084 2249 minirum,
1104 2150 1285 2250 Sisyphe,
1303 2176 1451 2226 saxum.

440 2291 622 2366 Volvitur
635 2289 767 2383 Ixion,
787 2297 875 2360 etse
891 2285 1142 2382 sequiturque
1156 2281 1340 2380 fugitque.
1464 2321 1468 2330 ·

440 2421 645 2520 Molirique
659 2419 737 2493 suis
748 2417 870 2490 letum
883 2414 1118 2512 patruelibus
1132 2438 1251 2508 ausae,

439 2552 612 2627 Assiduae
628 2560 823 2648 repetunt,
839 2573 932 2645 quas
945 2547 1126 2646 perdant,
1144 2543 1291 2618 Belides
1304 2541 1439 2618 undas.

440 2680 545 2766 Quos
559 2703 690 2754 omnes
705 2676 784 2751 acic
796 2687 882 2774 post
897 2675 1013 2774 quim
1028 2675 1205 2750 Sattunia
1220 2674 1331 2749 torvi

438 2809 562 2906 Vidit,
578 2821 616 2882 et
628 2818 715 2883 ante
728 2833 858 2882 omnes
872 2807 1008 2882 Ixiona
1021 2816 1056 2906 ¹3
1073 2834 1207 2883 rursus
1221 2807 1348 2882 abillo
1382 2829 1385 2836 ’

440 2933 631 3036 Sisyphon
648 2935 661 2976 ³
676 2938 877 3036 aspiciens,
894 2939 973 3012 Cur
986 2939 1085 3014 hice
1102 2938 1301 3037 fratribus,
1317 2937 1464 3036 inquit,

482 3123 490 3152 ¹
517 3121 556 3179 Ce
569 3125 657 3200 gesat
673 3123 726 3200 qui
739 3122 874 3180 contrait
887 3122 924 3180 de
939 3141 995 3181 son
1012 3143 1100 3200 corps
1114 3125 1189 3183 neul'
1200 3143 1327 3201 arpent,
1345 3103 1403 3182 fut
1412 3126 1479 3200 pre-

438 3218 524 3294 cipit&
542 3221 616 3278 dans
632 3223 675 3280 les
689 3223 803 3296 enters,
823 3221 864 3279 oti
881 3220 933 3280 des
947 3233 1094 3280 rautours
1108 3222 1153 3280 lui
1168 3222 1347 3280 dechiraicut
1359 3225 1388 3281 le
1404 3221 1480 3290 soie,

438 3315 492 3391 qui
504 3317 658 3375 rennuerit
671 3337 738 3377 sans
752 3337 830 3376 cesse
841 3337 922 3393 pour
935 3321 1094 3393 perpetuet
1109 3337 1164 3376 son
1180 3319 1322 3395 supplice.
1338 3321 1393 3376 Lea
1406 3337 1480 3375 vau·
1588 3393 1589 3400 ἵ

437 3427 523 3474 tours
532 3416 569 3476 de
580 3418 666 3494 Tytie
676 3429 745 3476 sont
756 3419 870 3496 l’image
881 3417 1063 3496 allegorique
1075 3418 1127 3478 des
1139 3419 1274 3476 remords
1289 3419 1343 3496 qui
1354 3427 1482 3496 rongent

342 3595 345 3604 ,
436 3513 464 3571 le
478 3514 620 3572 coeurdcs
633 3515 790 3572 criminels.

480 3617 493 3647 ¹
514 3615 602 3673 Ixion
618 3614 719 3673 devait
738 3616 801 3674 ttre
818 3617 887 3692 plus
907 3615 1016 3674 odieux
1034 3617 1169 3676 ilunon
1187 3617 1283 3692 qu'ou
1301 3626 1388 3674 autre
1405 3605 1481 3673 cou-

436 3716 542 3792 pables,
556 3735 644 3792 parce
655 3715 728 3792 qu’il
741 3717 821 3774 nvait
831 3719 882 3774 ose
892 3716 1005 3774 l’aimer
1015 3728 1045 3775 et
1057 3727 1153 3775 tenter
1165 3715 1202 3774 de
1214 3716 1243 3772 le
1257 3714 1393 3784 seduire,
1407 3712 1482 3771 mais
1575 3774 1580 3784 x

435 3815 457 3876 il
472 3817 581 3876 n'avsit
594 3817 743 3892 embraced
757 3819 871 3894 qu'une
884 3835 955 3874 nuc.

479 3908 492 3948 ³
516 3916 640 3994 Sisyphe
657 3916 729 3975 tuit
744 3916 822 3976 {rire
839 3915 1033 3984 durumne,
1052 3913 1124 3992 qui,
1142 3931 1257 3973 comme
1269 3913 1331 3983 lui,
1350 3910 1423 3970 suit
1435 3907 1481 3967 fils

438 4013 550 4076 d'Eole.
1283 4027 1288 4036 ”
