3214 5300
426 589 475 646 ιο
541 582 628 640 uas
656 519 1098 638 ndriuonrnoses
1130 575 1361 654 movisse,

423 736 614 832 Stamina,
633 758 715 806 non
732 754 885 805 summo
901 754 988 826 quse
1002 726 1143 828 pendet
1154 754 1290 804 aranea
1302 729 1422 826 tigno.

423 863 553 962 thue
567 861 670 936 leves
683 871 803 932 tactus
812 843 1110 955 ,momentaque
1123 868 1490 958 parvasequantur‚

424 997 573 1072 Efficit:
590 1009 640 1069 et
644 995 741 1068 lecto
759 990 992 1067 circumdata
1007 991 1163 1090 colloeat
1177 995 1326 1089 apte.

425 1127 480 1202 Ut
495 1127 635 1202 venere
651 1140 783 1200 torum
800 1126 945 1220 conjux
961 1138 999 1198 et
1014 1123 1164 1198 adulter
1180 1126 1225 1198 in
1239 1149 1385 1221 unum;

426 1259 520 1334 Arte
536 1257 634 1352 viri,
652 1254 869 1351 vinclisque
884 1251 987 1326 novi
1002 1253 1149 1326 ratione
1165 1251 1323 1350 paratis,

315 1486 318 1491 Ι
426 1387 625 1464 Inmediis
638 1389 750 1462 ambo
762 1383 941 1483 deprensi
953 1375 1192 1482 amplexibus
1204 1383 1366 1457 haerent.

325 1599 328 1604 Α
427 1519 615 1595 lemnius
632 1515 823 1613 extemplo
842 1515 973 1587 selvas
986 1509 1160 1609 patefecit
1173 1513 1356 1604 ebulum,

428 1651 670 1747 Admisitque
682 1649 795 1722 Deos.
816 1645 878 1720 Illi
894 1643 1043 1742 jacuere
1058 1641 1163 1740 ligati

365 1869 368 1874 ¹
430 1779 639 1876 Turpiter:
655 1788 768 1871 atque
781 1772 944 1868 aliquis¹
960 1770 1008 1844 de
1021 1767 1090 1844 Dis
1105 1794 1187 1842 non
1202 1768 1374 1845 tristibus
1390 1779 1498 1866 optet

431 1908 494 1982 Sic
509 1905 595 1980 fieri
606 1903 743 2002 turpis.
760 1901 897 2000 Superi
911 1901 1053 1976 risere:
1068 1900 1213 1998 diuque

430 2036 667 2114 Haeofuitin
683 2047 764 2110 toto
778 2033 976 2108 notissima
989 2030 1118 2108 fabula
1130 2031 1239 2106 coelo.
1290 2101 1301 2129 .

692 2228 1016 2327 lvfneucotaoe,
1033 2232 1113 2305 sive
1133 2229 1223 2301 Tus.

484 2429 632 2504 Exrom
648 2425 784 2502 indicii
799 2425 1009 2502 memorem
1023 2421 1224 2524 Cythereia
1240 2448 1393 2523 poeuam
1401 2453 1414 2522 3

436 2560 561 2658 Inque
576 2556 679 2632 vices
695 2556 828 2654 illum,
848 2567 963 2630 tectos
979 2555 1049 2651 qui
1064 2554 1161 2648 laesit
1175 2579 1338 2650 amores,

439 2684 563 2761 Laedit
575 2709 704 2758 amore
719 2683 815 2780 pari.
832 2683 936 2770 Quid
949 2709 1074 2781 nuno,
1092 2683 1130 2756 H
1227 2682 1313 2756 'one
1326 2692 1433 2778 nate,

438 2817 577 2891 Forma
592 2814 769 2911 calorque
781 2813 874 2912 tibi,
894 2811 1140 2910 radiataquel
1252 2839 1275 2885 a
1289 2811 1479 2911 prosunt?

438 2949 583 3045 Nempe
599 2947 676 3020 tuis
690 2971 823 3020 omnes
840 2946 909 3045 qui
925 2958 1043 3020 terras
1060 2944 1212 3043 ignibus
1227 2944 1332 3042 uris,

440 3073 571 3149 Ureris
588 3073 674 3170 igne
687 3097 790 3146 novo
807 3101 814 3145 :
830 3073 976 3170 quique
988 3071 1117 3147 omnia
1130 3098 1284 3146 eernere
1298 3071 1430 3170 debes,

439 3203 684 3284 Leucothoen
696 3215 839 3300 spectas
857 3232 866 3278 :
882 3214 920 3276 et
935 3201 1083 3300 virgine
1100 3200 1181 3300 figis
1198 3205 1242 3274 in
1258 3202 1358 3299 und,

441 3336 548 3423 Quos
560 3331 708 3406 mundo
722 3331 855 3431 debes,
873 3332 1015 3406 oculos.
1031 3330 1146 3406 Modo
1163 3331 1284 3430 surgis
1300 3333 1379 3406 Eoo
1456 3365 1459 3372 λ

487 3517 498 3546 ²
523 3512 620 3572 Ovide
636 3533 675 3572 ne
692 3533 812 3573 nomme
823 3533 878 3590 pas
894 3514 922 3573 le
938 3513 1007 3572 dieu
1025 3515 1101 3572 dont
1115 3514 1137 3572 il
1150 3526 1292 3590 rapporte
1308 3517 1337 3574 le
1353 3515 1489 3592 plaisse-

442 3614 538 3674 terie:
555 3614 629 3672 mais
643 3615 698 3673 elle
715 3617 856 3674 convient
872 3615 1144 3692 particulierement
1158 3634 1199 3673 au
1213 3616 1277 3674 rdle
1293 3617 1331 3674 de
1346 3619 1489 3688 Μοιιιιιι,

442 3713 498 3790 qui
516 3713 587 3770 enit
604 3711 781 3800 lelbout'fon
796 3715 834 3772 de
851 3715 882 3772 la
899 3733 975 3773 cour
992 3715 1106 3773 celeste.
1127 3717 1154 3772 11
1170 3713 1320 3790 repremit
1336 3733 1409 3773 avec
1426 3735 1490 3774 une

442 3812 548 3870 liberte
555 3805 663 3870 badine
674 3824 704 3869 et
712 3813 866 3890 onustique
875 3813 917 3872 les
925 3813 1015 3872 dieux
1025 3823 1054 3872 et
1062 3814 1104 3872 les
1113 3811 1243 3872 dtesses:
1255 3815 1324 3872 e’est
1334 3815 1492 3891 pourquoi

444 3930 486 3972 on
497 3911 525 3967 le
538 3912 708 3987 represente
721 3911 822 3970 levant
833 3913 995 3994 temetque
1006 3911 1044 3974 de
1056 3912 1160 3976 deum
1172 3914 1199 3973 le
1211 3911 1329 3992 visege,
1342 3923 1372 3970 et
1386 3923 1491 3970 teum

444 4007 505 4086 ile
519 4009 599 4068 mein
611 4028 672 4068 une
686 4021 825 4070 marone.
