3170 5304
432 551 503 628 164
546 568 630 626 aas
660 539 1096 624 nbrnnoarrrosrs
1129 567 1354 646 movrnn,

428 717 690 812 Fortecassm3
711 739 920 814 parmasque
932 711 1030 788 fores
1045 715 1293 813 pulsavitzat
1305 711 1398 792 inde
1583 795 1584 824 χ

428 847 560 922 Prodit
574 873 687 944 anus,
702 847 916 943 Divamque
928 843 1051 942 videt3
1065 843 1339 944 lymphamque
1347 841 1520 942 roganti,

343 960 357 978 ³
427 973 548 1050 Dulce
560 973 681 1071 dedit,
700 973 795 1048 tosti
811 972 913 1071 quod
932 983 1084 1046 ooxerat
1101 985 1188 1047 ante
1201 971 1353 1071 potente
1368 979 1393 1047 ¹.
1583 991 1584 996 ’

429 1103 533 1176 Dum
548 1103 645 1176 bibit
657 1101 721 1176 illa
735 1100 886 1198 datum,
903 1097 992 1172 duri
1008 1125 1105 1197 puer
1117 1101 1193 1176 oris
1210 1114 1247 1176 et
1259 1100 1385 1176 audax

429 1231 604 1306 Constitit
619 1244 704 1304 ante
718 1232 837 1304 Deam
853 1259 861 1302 :
877 1229 1055 1325 risitque,
1071 1227 1298 1328 avidamq'ue
1311 1225 1475 1304 vocavit.

429 1361 581 1436 Offensa
595 1373 650 1434 est
667 1389 675 1434 :
691 1386 815 1462 neque
827 1357 953 1433 adhuc
966 1358 1074 1456 epoti
1086 1371 1211 1455 parte,
1227 1357 1447 1456 loquentem

427 1490 526 1563 Cum
539 1487 687 1586 liquido
703 1487 824 1562 mixti
839 1483 1010 1584 perfudit
1022 1486 1122 1560 Diva
1134 1483 1297 1583 polenti.
1583 1469 1584 1494 ³

427 1619 618 1696 Combibit
629 1645 671 1693 os
683 1618 846 1692 maculas
855 1648 866 1714 ;
883 1629 921 1690 et
926 1674 939 1713 ‚
957 1617 1034 1714 qut
1047 1615 1161 1691 modb
1173 1615 1328 1692 brachia
1340 1615 1466 1714 gessit,

426 1749 546 1823 Crura
560 1747 655 1846 gerit
671 1775 680 1821 :
699 1745 817 1820 cauda
832 1758 887 1820 est
901 1746 1057 1821 mutatis
1071 1746 1198 1821 addita
1211 1748 1392 1822 membris
1400 1777 1412 1846 3
1583 1717 1584 1732 ἵ

423 1881 546 1976 Inque
558 1878 714 1950 brevem
726 1872 908 1969 formam,
924 1899 974 1946 ne
988 1873 1038 1946 sit
1052 1873 1111 1947 vis
1127 1898 1260 1971 magna
1276 1874 1457 1972 nocendi,

425 2003 671 2080 Contrabitur
688 2032 696 2076 :
714 2001 906 2101 parvique
919 2001 1046 2076 minor
1059 2029 1237 2076 mensura
1252 2004 1387 2078 lacerti
1402 2015 1470 2081 est.
1533 2079 1538 2086 ,
1583 1985 1584 1992 ¹

423 2135 646 2231 Mirantem,
661 2133 910 2231 flentemque,
931 2144 968 2206 et
979 2143 1127 2230 tangere
1140 2145 1308 2206 monstra
1319 2147 1516 2232 parantem

421 2263 531 2360 Fugit
544 2288 681 2359 anum3
697 2262 954 2358 latebramque
968 2261 1063 2356 betit
1079 2290 1086 2334 :
1101 2273 1310 2359 aptumque
1323 2262 1442 2337 colori
1583 2267 1584 2270 ’

423 2395 571 2470 Nomen
582 2392 712 2492 habet,
731 2392 847 2470 variis
862 2391 1029 2466 stellatus
1042 2415 1198 2490 eorpora
1210 2391 1338 2489 guttis.

639 2616 767 2695 x111.'
789 2621 959 2693 Siciliam
972 2623 1105 2718 repetit
1121 2621 1240 2694 Ceres.

470 2831 594 2920 Quis
608 2831 687 2906 Dea
700 2843 921 2929 perterret,
942 2842 979 2903 et
993 2856 1086 2928 quas
1100 2831 1283 2906 erraverit
1297 2829 1440 2932 undas,

421 2963 555 3038 Dicere
569 2957 679 3062 longa
690 2989 798 3038 mora
811 2974 867 3036 est
884 2989 892 3035 :
909 2962 1097 3059 quaerenti
1112 2958 1235 3034 defuit
1247 2962 1361 3036 orbis.

422 3096 607 3176 Sicaniam
625 3097 761 3193 repetit
776 3124 785 3170 ε
801 3095 971 3192 dumque
985 3095 1113 3168 omnia
1127 3095 1263 3168 lustrat
1276 3094 1423 3194 eund03

421 3224 538 3301 Venit
550 3238 588 3300 et
599 3223 645 3300 ad
660 3228 813 3324 Cyanen
829 3255 838 3302 :
855 3252 916 3323 ea,
941 3226 984 3300 ni
998 3237 1142 3299 mutata
1157 3226 1309 3324 fuisset,

423 3361 563 3448 Omnia
577 3370 761 3432 narrasset
777 3389 786 3434 :
803 3359 866 3435 sed
882 3372 920 3435 et
932 3385 973 3433 os
986 3372 1023 3434 et
1038 3360 1165 3457 lingua
1173 3361 1318 3435 volenti

423 3491 557 3574 Dicere
573 3517 653 3567 non
666 3470 846 3568 aderant:
862 3518 949 3590 nec,
964 3517 1042 3590 quo
1057 3491 1294 3590 loqueretur,
1305 3490 1483 3576 habebat.

466 3689 601 3749 '’Cetait
612 3689 650 3748 de
663 3687 693 3748 la
705 3689 800 3748 farine
812 3691 842 3748 d’
844 3709 914 3768 orge
927 3690 1050 3750 bouillie
1063 3691 1137 3750 dam
1149 3710 1193 3750 un
1206 3691 1341 3771 mthnge
1354 3693 1392 3752 de
1404 3695 1459 3754 lait

424 3787 502 3852 etde
514 3787 592 3846 miel.
607 3787 648 3845 Ce
663 3799 737 3846 mets
749 3787 861 3866 liquide
878 3788 1031 3848 ttaitd'nn
1043 3807 1132 3868 usage
1148 3807 1288 3848 commun
1300 3809 1399 3882 pamm
1388 3791 1456 3850 les
1583 3826 1584 3886 ι

423 3885 574 3963 villageois
591 3905 629 3944 en
645 3885 738 3944 Grtce
754 3897 784 3945 et
799 3905 836 3945 en
854 3887 956 3958 Italie,
970 3899 999 3944 et
1015 3907 1089 3946 sur-
1073 3899 1162 3947 -tout
1176 3907 1272 3965 parmi
1263 3889 1325 3947 'les
1337 3890 1455 3964 pitres,

422 3981 559 4042 babitans
570 3982 622 4045 des
634 3994 824 4066 montagaes,
838 3984 1078 4066 quissfaisaient
1091 3984 1453 4068 unrtgsldslspolente
1583 3953 1584 4048 i
