3218 5342
427 550 498 634 562
548 573 634 630 nne
662 546 1102 628 nirinonrnoans
1131 571 1356 656 novior,

385 783 387 788 ,
428 719 622 793 Solioitare
634 715 760 792 fidem.
776 715 893 790 Favet
904 713 998 792 hnic
1010 713 1159 790 Aurora
1171 717 1323 796 timori:

424 853 682 948 immutatque
695 875 834 944 meam,
851 847 985 922 videor
998 847 1175 945 sensisse,
1191 848 1361 948 figuram.

424 967 608 1054 ¹Palladiae
622 981 727 1076 ineo,
743 1005 825 1052 non
838 977 1135 1075 cognoscendus,
1151 977 1340 1078 Athenas;
1581 1047 1582 1050 ,

427 1113 698 1212 ingrediorque
710 1099 882 1186 domuni.
899 1105 1019 1206 Culpai
1030 1107 1168 1184 domus
1180 1108 1261 1208 ipra
1273 1109 1453 1208 careban,

426 1243 611 1341 Castaque
623 1241 727 1340 signa
739 1238 871 1313 dabat:
887 1235 1121 1332 dominoque
1136 1248 1216 1310 erat
1225 1237 1343 1312 anxia
1352 1249 1460 1337 rapto.

425 1373 503 1448 vix
516 1373 624 1448 aditu
638 1399 706 1471 per
718 1371 823 1446 mille
835 1367 941 1445 dolos
954 1367 1000 1442 ad
1015 1366 1245 1442 Erechthida
1257 1366 1354 1442 facto
1362 1401 1374 1466 ;

425 1504 478 1578 Ut
491 1504 592 1602 vidi,
607 1504 787 1603 obstupui
799 1533 809 1600 3
824 1502 1078 1598 meditataque
1089 1527 1196 1599 paene
1210 1475 1353 1602 reliqui

425 1637 673 1712 Tentamenta
685 1634 761 1710 fide
775 1663 783 1709 :
800 1633 896 1708 mal'e
909 1659 991 1731 me,
1007 1633 1105 1730 quin
1121 1658 1212 1708 vera
1224 1633 1377 1734 faterer,

425 1769 631 1864 Continui,
647 1767 744 1842 male
756 1766 875 1865 quin,
889 1775 936 1839 ut
947 1764 1137 1862 oportuit,
1153 1765 1280 1841 oscula
1290 1767 1436 1845 terrm.

425 1897 560 1974 Tristis
575 1911 674 1974 erat:
691 1897 755 1973 sed
770 1898 878 1971 nulla
891 1909 1019 1972 tamen
1030 1897 1232 1974 formosior
1243 1899 1309 1976 illa

425 2034 513 2109 Esse
526 2046 649 2132 potest
660 2034 780 2129 tristi,
797 2033 1060 2131 desiderioque
1072 2033 1214 2108 calebat

425 2163 603 2262 conjugis
617 2164 774 2260 abrepti.
790 2161 853 2235 Tu
866 2163 1014 2260 collige,
1029 2162 1151 2260 qualis
1164 2163 1207 2236 in
1221 2161 1303 2258 illd,

422 2292 565 2389 Phoco,
581 2293 695 2367 decor
707 2291 845 2388 fuerit,
860 2273 978 2389 ¹qnam
991 2293 1045 2367 sic
1057 2291 1167 2366 dolor
1178 2295 1258 2391 ipse
1269 2293 1434 2370 decebat.

423 2425 527 2513 Quid
542 2425 720 2521 referam,
735 2423 883 2521 quoties
896 2423 1107 2496 tentamina
1120 2434 1247 2498 nostra
1258 2423 1395 2522 pudici

424 2554 648 2654 Repulerint
660 2554 811 2629 mores?
823 2552 989 2650 quoties,
1005 2553 1100 2650 Ego,
1116 2550 1276 2650 dixerit,
1292 2554 1370 2628 uni

423 2685 579 2779 Servor,
594 2683 828 2778 ubicumque
842 2693 897 2755 est
911 2710 919 2756 :
936 2681 1008 2753 uni
1021 2705 1104 2756 mea
1115 2681 1250 2779 gaudia
1261 2709 1387 2758 servo.

424 2815 498 2888 Cni
515 2840 593 2887 non
610 2815 681 2887 isto
697 2811 770 2886 fide
787 2813 874 2887 satis
891 2813 1124 2912 experientia
1137 2839 1228 2888 sano

424 2940 558 3041 Magna
571 2943 698 3017 soret?
711 2969 791 3016 non
804 2969 889 3018 sum
903 2955 1103 3018 contentus
1119 2971 1127 3018 :
1143 2955 1181 3017 et
1193 2944 1237 3017 in
1250 2971 1338 3021 mee
1350 2968 1472 3044 pugno
1581 2959 1582 2976 ¹

423 3075 609 3174 Vulnera,
625 3074 720 3151 dum
734 3103 868 3150 census
880 3063 969 3151 dare
983 3102 1044 3152 me
1056 3102 1128 3174 pro
1141 3088 1252 3152 nocte
1263 3077 1446 3174 paciscor.
1581 3051 1582 3054 Ἴ

473 3289 481 3318 ¹
507 3289 549 3346 Le
560 3287 665 3364 poete,
679 3308 735 3365 par
753 3308 812 3347 une
827 3289 999 3365 metaphora
1014 3287 1068 3368 qni
1081 3287 1154 3346 tient
1167 3287 1204 3347 de
1218 3288 1247 3346 la
1259 3291 1466 3365 prompopte,

426 3387 510 3463 prete
522 3389 538 3446 i
551 3389 580 3445 la
594 3389 708 3447 maison
719 3389 756 3448 de
766 3389 883 3447 Procris
894 3391 936 3447 les
949 3389 1107 3448 sentimens
1117 3389 1154 3447 de
1258 3389 1268 3453 ἶ
1292 3391 1468 3449 elle-meme.

425 3485 487 3542 Elle
500 3498 543 3542 est
555 3485 728 3556 innocente,
743 3488 797 3544 elle
813 3499 856 3545 est
871 3485 986 3558 ohne,
1001 3487 1055 3546 ella
1071 3500 1115 3546 est
1130 3392 1313 3645 in*
1326 3487 1469 3548 l’nbaenoe

425 3581 530 3639 deson
543 3586 659 3641 mettre.
676 3584 762 3642 Voili
775 3603 807 3643 ce
821 3585 873 3662 qui
887 3585 1055 3644 differencie
1068 3589 1190 3646 essentie
1299 3599 1312 3644 t
1329 3588 1361 3644 la
1375 3583 1479 3664 poesia.

425 3680 462 3737 de
478 3681 505 3738 la
525 3681 723 3745 versification
736 3683 896 3744 ordinaire.
913 3686 996 3744 Certe
1009 3685 1120 3744 diction
1133 3684 1243 3765 fignrte
1258 3698 1304 3744 est
1319 3687 1351 3746 la
1363 3686 1470 3762 langue

427 3779 470 3838 du
481 3781 576 3860 gtnie.

587 3929 712 3992 Pori-quoi
724 3939 787 3979 cette
799 3931 889 3977 naiton
901 3931 969 3978 noire
982 3939 1006 3977 et
1018 3929 1207 3992 milaneoliqne?

807 4024 845 4073 ln
855 4025 1003 4084 rorarunt,
1017 4027 1074 4073 dana
1086 4023 1111 4074 a
1123 4025 1235 4074 Macrum
1245 4023 1377 4090 dnonas«.
