<?xml version="1.0" encoding="UTF-8"?>
<!DOCTYPE html PUBLIC "-//W3C//DTD XHTML 1.0 Transitional//EN"
    "http://www.w3.org/TR/xhtml1/DTD/xhtml1-transitional.dtd">
<html xmlns="http://www.w3.org/1999/xhtml" xml:lang="en" lang="en">
 <head>
  <title>
</title>
<meta http-equiv="Content-Type" content="text/html;charset=utf-8" />
  <meta name='ocr-system' content='tesseract 3.04.00' />
  <meta name='ocr-capabilities' content='ocr_page ocr_carea ocr_par ocr_line ocrx_word'/>
</head>
<body>
  <div class='ocr_page' id='page_1' title='image "./lesmtamorphoses02saingoog_0368.png"; bbox 0 0 3210 5324; ppageno 0'>
   <div class='ocr_carea' id='block_1_1' title="bbox 421 494 1360 600">
    <p class='ocr_par' dir='ltr' id='par_1_1' title="bbox 421 494 1360 600">
     <span class='ocr_line' id='line_1_1' title="bbox 421 494 1360 600; baseline -0.009 -14"><span class='ocrx_word' id='word_1_1' title='bbox 421 513 494 586; x_wconf 85' lang='lat'><strong>510</strong></span> <span class='ocrx_word' id='word_1_2' title='bbox 538 526 624 582; x_wconf 80' lang='lat' dir='ltr'><strong>nns</strong></span> <span class='ocrx_word' id='word_1_3' title='bbox 654 494 1097 580; x_wconf 68' lang='lat' dir='ltr'><strong>nirlnonrnosns</strong></span> <span class='ocrx_word' id='word_1_4' title='bbox 1127 517 1360 600; x_wconf 76' lang='lat' dir='ltr'><strong>novrnn,</strong></span> 
     </span>
    </p>
   </div>
   <div class='ocr_carea' id='block_1_2' title="bbox 281 659 1444 1430">
    <p class='ocr_par' dir='ltr' id='par_1_2' title="bbox 420 659 1371 773">
     <span class='ocr_line' id='line_1_2' title="bbox 420 659 1371 773; baseline -0.001 -23"><span class='ocrx_word' id='word_1_5' title='bbox 420 677 531 750; x_wconf 87' lang='lat' dir='ltr'><strong>Posse</strong></span> <span class='ocrx_word' id='word_1_6' title='bbox 547 689 623 750; x_wconf 85' lang='lat' dir='ltr'><strong>tuae</strong></span> <span class='ocrx_word' id='word_1_7' title='bbox 641 659 772 748; x_wconf 82' lang='lat' dir='ltr'><strong>videar</strong></span> <span class='ocrx_word' id='word_1_8' title='bbox 785 673 950 769; x_wconf 72' lang='lat' dir='ltr'><strong>spatium</strong></span> <span class='ocrx_word' id='word_1_9' title='bbox 964 671 1213 746; x_wconf 83' lang='lat' dir='ltr'><strong>transcribere</strong></span> <span class='ocrx_word' id='word_1_10' title='bbox 1228 676 1344 749; x_wconf 81' lang='lat' dir='ltr'><strong>vitae?</strong></span> <span class='ocrx_word' id='word_1_11' title='bbox 1368 760 1371 773; x_wconf 31' lang='grc' dir='ltr'>Ι</span> 
     </span>
    </p>

    <p class='ocr_par' dir='ltr' id='par_1_3' title="bbox 281 776 1444 1036">
     <span class='ocr_line' id='line_1_3' title="bbox 420 776 1444 903; baseline -0.005 -19"><span class='ocrx_word' id='word_1_12' title='bbox 420 809 497 884; x_wconf 84' lang='lat' dir='ltr'><strong>Neo</strong></span> <span class='ocrx_word' id='word_1_13' title='bbox 513 804 693 881; x_wconf 79' lang='lat' dir='ltr'><strong>sinalhoo</strong></span> <span class='ocrx_word' id='word_1_14' title='bbox 705 802 842 877; x_wconf 84' lang='lat' dir='ltr'><strong>Hecate</strong></span> <span class='ocrx_word' id='word_1_15' title='bbox 849 832 860 898; x_wconf 82' lang='lat'>3</span> <span class='ocrx_word' id='word_1_16' title='bbox 874 825 944 876; x_wconf 86' lang='lat' dir='ltr'><strong>noc</strong></span> <span class='ocrx_word' id='word_1_17' title='bbox 956 812 1001 874; x_wconf 85' lang='lat' dir='ltr'><strong>tu</strong></span> <span class='ocrx_word' id='word_1_18' title='bbox 1014 802 1111 900; x_wconf 82' lang='lat' dir='ltr'><strong>petis</strong></span> <span class='ocrx_word' id='word_1_19' title='bbox 1125 827 1234 901; x_wconf 80' lang='lat' dir='ltr'><strong>aequa</strong></span> <span class='ocrx_word' id='word_1_20' title='bbox 1250 833 1258 878; x_wconf 75' lang='grc' dir='ltr'><strong>ε</strong></span> <span class='ocrx_word' id='word_1_21' title='bbox 1274 805 1341 878; x_wconf 83' lang='lat' dir='ltr'><strong>sed</strong></span> <span class='ocrx_word' id='word_1_22' title='bbox 1352 776 1444 903; x_wconf 84' lang='lat' dir='ltr'><strong>isto,</strong></span> 
     </span>
     <span class='ocr_line' id='line_1_4' title="bbox 281 930 1413 1036; baseline -0.005 -22"><span class='ocrx_word' id='word_1_23' title='bbox 281 949 289 962; x_wconf 90' lang='lat'>&#39;</span> <span class='ocrx_word' id='word_1_24' title='bbox 422 938 536 1027; x_wconf 85' lang='lat' dir='ltr'><strong>Quod</strong></span> <span class='ocrx_word' id='word_1_25' title='bbox 551 939 667 1036; x_wconf 77' lang='lat' dir='ltr'><strong>petis,</strong></span> <span class='ocrx_word' id='word_1_26' title='bbox 684 935 857 1036; x_wconf 82' lang='lat' dir='ltr'><strong>experiar</strong></span> <span class='ocrx_word' id='word_1_27' title='bbox 872 935 994 1030; x_wconf 77' lang='lat' dir='ltr'><strong>majus</strong></span> <span class='ocrx_word' id='word_1_28' title='bbox 1006 930 1096 1007; x_wconf 82' lang='lat' dir='ltr'><strong>dare</strong></span> <span class='ocrx_word' id='word_1_29' title='bbox 1108 959 1269 1030; x_wconf 88' lang='lat' dir='ltr'><strong>munus,</strong></span> <span class='ocrx_word' id='word_1_30' title='bbox 1288 936 1413 1010; x_wconf 82' lang='lat' dir='ltr'><strong>Iason.</strong></span> 
     </span>
    </p>

    <p class='ocr_par' dir='ltr' id='par_1_4' title="bbox 418 1065 1326 1162">
     <span class='ocr_line' id='line_1_5' title="bbox 418 1065 1326 1162; baseline -0.001 -21"><span class='ocrx_word' id='word_1_31' title='bbox 418 1068 511 1141; x_wconf 85' lang='lat' dir='ltr'><strong>Arte</strong></span> <span class='ocrx_word' id='word_1_32' title='bbox 526 1067 610 1142; x_wconf 70' lang='lat' dir='ltr'><strong>mei</strong></span> <span class='ocrx_word' id='word_1_33' title='bbox 622 1067 743 1141; x_wconf 85' lang='lat' dir='ltr'><strong>soceri</strong></span> <span class='ocrx_word' id='word_1_34' title='bbox 758 1065 914 1162; x_wconf 85' lang='lat' dir='ltr'><strong>longum</strong></span> <span class='ocrx_word' id='word_1_35' title='bbox 931 1065 1161 1144; x_wconf 79' lang='lat' dir='ltr'><strong>tentabimus</strong></span> <span class='ocrx_word' id='word_1_36' title='bbox 1177 1091 1326 1161; x_wconf 85' lang='lat' dir='ltr'><strong>aevum,</strong></span> 
     </span>
    </p>

    <p class='ocr_par' dir='ltr' id='par_1_5' title="bbox 419 1195 1388 1275">
     <span class='ocr_line' id='line_1_6' title="bbox 419 1195 1388 1275; baseline -0.006 -1"><span class='ocrx_word' id='word_1_37' title='bbox 419 1199 505 1274; x_wconf 90' lang='lat' dir='ltr'><strong>Non</strong></span> <span class='ocrx_word' id='word_1_38' title='bbox 520 1201 631 1274; x_wconf 82' lang='lat' dir='ltr'><strong>annis</strong></span> <span class='ocrx_word' id='word_1_39' title='bbox 648 1224 824 1275; x_wconf 80' lang='lat' dir='ltr'><strong>revocare</strong></span> <span class='ocrx_word' id='word_1_40' title='bbox 841 1197 919 1270; x_wconf 84' lang='lat' dir='ltr'><strong>tuis</strong></span> <span class='ocrx_word' id='word_1_41' title='bbox 937 1225 944 1270; x_wconf 93' lang='lat'><strong>:</strong></span> <span class='ocrx_word' id='word_1_42' title='bbox 960 1195 1076 1271; x_wconf 80' lang='lat' dir='ltr'><strong>modo</strong></span> <span class='ocrx_word' id='word_1_43' title='bbox 1088 1196 1189 1270; x_wconf 81' lang='lat' dir='ltr'><strong>Diva</strong></span> <span class='ocrx_word' id='word_1_44' title='bbox 1201 1195 1388 1270; x_wconf 82' lang='lat' dir='ltr'><strong>triformis</strong></span> 
     </span>
    </p>

    <p class='ocr_par' dir='ltr' id='par_1_6' title="bbox 419 1319 1348 1430">
     <span class='ocr_line' id='line_1_7' title="bbox 419 1319 1348 1430; baseline -0.006 -24"><span class='ocrx_word' id='word_1_45' title='bbox 419 1328 602 1430; x_wconf 84' lang='lat' dir='ltr'><strong>Adjuvet‚</strong></span> <span class='ocrx_word' id='word_1_46' title='bbox 618 1343 655 1404; x_wconf 89' lang='lat' dir='ltr'><strong>et</strong></span> <span class='ocrx_word' id='word_1_47' title='bbox 666 1319 830 1427; x_wconf 84' lang='lat' dir='ltr'><strong>praesens</strong></span> <span class='ocrx_word' id='word_1_48' title='bbox 842 1326 1059 1425; x_wconf 82' lang='lat' dir='ltr'><strong>ingentibus</strong></span> <span class='ocrx_word' id='word_1_49' title='bbox 1074 1337 1221 1401; x_wconf 80' lang='lat' dir='ltr'><strong>annuat</strong></span> <span class='ocrx_word' id='word_1_50' title='bbox 1234 1327 1348 1402; x_wconf 80' lang='lat' dir='ltr'><strong>ausis.</strong></span> 
     </span>
    </p>
   </div>
   <div class='ocr_carea' id='block_1_3' title="bbox 558 1559 1322 1658">
    <p class='ocr_par' dir='ltr' id='par_1_7' title="bbox 558 1559 1322 1658">
     <span class='ocr_line' id='line_1_8' title="bbox 558 1559 1322 1658; baseline -0.005 -23"><span class='ocrx_word' id='word_1_51' title='bbox 558 1559 630 1635; x_wconf 82' lang='lat' dir='ltr'><strong>lv.</strong></span> <span class='ocrx_word' id='word_1_52' title='bbox 659 1563 778 1634; x_wconf 81' lang='lat' dir='ltr'><strong>Sacra</strong></span> <span class='ocrx_word' id='word_1_53' title='bbox 793 1561 944 1658; x_wconf 75' lang='lat' dir='ltr'><strong>magica</strong></span> <span class='ocrx_word' id='word_1_54' title='bbox 951 1573 1153 1658; x_wconf 82' lang='lat' dir='ltr'><strong>praeporat</strong></span> <span class='ocrx_word' id='word_1_55' title='bbox 1166 1560 1322 1634; x_wconf 75' lang='lat' dir='ltr'><strong>Medea.</strong></span> 
     </span>
    </p>
   </div>
   <div class='ocr_carea' id='block_1_4' title="bbox 368 1785 1507 3453">
    <p class='ocr_par' dir='ltr' id='par_1_8' title="bbox 420 1785 1455 2276">
     <span class='ocr_line' id='line_1_9' title="bbox 467 1785 1404 1882; baseline 0 -24"><span class='ocrx_word' id='word_1_56' title='bbox 467 1785 583 1860; x_wconf 83' lang='lat' dir='ltr'><strong>Tnns</strong></span> <span class='ocrx_word' id='word_1_57' title='bbox 599 1785 755 1859; x_wconf 82' lang='lat' dir='ltr'><strong>aberant</strong></span> <span class='ocrx_word' id='word_1_58' title='bbox 767 1795 916 1881; x_wconf 83' lang='lat' dir='ltr'><strong>noctes,</strong></span> <span class='ocrx_word' id='word_1_59' title='bbox 930 1797 976 1860; x_wconf 81' lang='lat' dir='ltr'><strong>nt</strong></span> <span class='ocrx_word' id='word_1_60' title='bbox 990 1811 1134 1862; x_wconf 81' lang='lat' dir='ltr'><strong>oornua</strong></span> <span class='ocrx_word' id='word_1_61' title='bbox 1145 1796 1223 1860; x_wconf 72' lang='lat' dir='ltr'><strong>tola</strong></span> <span class='ocrx_word' id='word_1_62' title='bbox 1239 1789 1404 1882; x_wconf 80' lang='lat' dir='ltr'><strong>coirent,</strong></span> 
     </span>
     <span class='ocr_line' id='line_1_10' title="bbox 420 1911 1455 2013; baseline -0.001 -24"><span class='ocrx_word' id='word_1_63' title='bbox 420 1911 695 2012; x_wconf 84' lang='lat' dir='ltr'><strong>Efficerentque</strong></span> <span class='ocrx_word' id='word_1_64' title='bbox 709 1913 851 1987; x_wconf 89' lang='lat' dir='ltr'><strong>orbem.</strong></span> <span class='ocrx_word' id='word_1_65' title='bbox 871 1913 960 1988; x_wconf 85' lang='lat' dir='ltr'><strong>Post</strong></span> <span class='ocrx_word' id='word_1_66' title='bbox 971 1915 1089 2013; x_wconf 68' lang='lat' dir='ltr'><strong>quom</strong></span> <span class='ocrx_word' id='word_1_67' title='bbox 1098 1913 1318 2012; x_wconf 83' lang='lat' dir='ltr'><strong>plenissime</strong></span> <span class='ocrx_word' id='word_1_68' title='bbox 1328 1914 1455 2013; x_wconf 83' lang='lat' dir='ltr'><strong>fulsit,</strong></span> 
     </span>
     <span class='ocr_line' id='line_1_11' title="bbox 420 2043 1256 2144; baseline -0.002 -25"><span class='ocrx_word' id='word_1_69' title='bbox 420 2045 475 2120; x_wconf 88' lang='lat' dir='ltr'><strong>Ao</strong></span> <span class='ocrx_word' id='word_1_70' title='bbox 491 2043 610 2118; x_wconf 70' lang='lat' dir='ltr'><strong>solidi</strong></span> <span class='ocrx_word' id='word_1_71' title='bbox 621 2054 739 2117; x_wconf 83' lang='lat' dir='ltr'><strong>terras</strong></span> <span class='ocrx_word' id='word_1_72' title='bbox 753 2043 936 2141; x_wconf 82' lang='lat' dir='ltr'><strong>spectavit</strong></span> <span class='ocrx_word' id='word_1_73' title='bbox 952 2043 1115 2144; x_wconf 83' lang='lat' dir='ltr'><strong>imagine</strong></span> <span class='ocrx_word' id='word_1_74' title='bbox 1127 2044 1256 2118; x_wconf 86' lang='lat' dir='ltr'><strong>Luna:</strong></span> 
     </span>
     <span class='ocr_line' id='line_1_12' title="bbox 420 2175 1297 2276; baseline 0.002 -26"><span class='ocrx_word' id='word_1_75' title='bbox 420 2175 764 2276; x_wconf 80' lang='lat' dir='ltr'><strong>Egreditur-tectis,</strong></span> <span class='ocrx_word' id='word_1_76' title='bbox 782 2187 903 2250; x_wconf 84' lang='lat' dir='ltr'><strong>vestes</strong></span> <span class='ocrx_word' id='word_1_77' title='bbox 919 2176 1056 2251; x_wconf 87' lang='lat' dir='ltr'><strong>induta</strong></span> <span class='ocrx_word' id='word_1_78' title='bbox 1068 2177 1250 2252; x_wconf 83' lang='lat' dir='ltr'><strong>recinctas</strong></span> <span class='ocrx_word' id='word_1_79' title='bbox 1267 2183 1297 2276; x_wconf 88' lang='lat'><strong>¹,</strong></span> 
     </span>
    </p>

    <p class='ocr_par' dir='ltr' id='par_1_9' title="bbox 419 2300 1380 2403">
     <span class='ocr_line' id='line_1_13' title="bbox 419 2300 1380 2403; baseline -0.004 -21"><span class='ocrx_word' id='word_1_80' title='bbox 419 2300 531 2382; x_wconf 87' lang='lat' dir='ltr'>Nuda</span> <span class='ocrx_word' id='word_1_81' title='bbox 545 2303 702 2403; x_wconf 85' lang='lat' dir='ltr'><strong>pedem,</strong></span> <span class='ocrx_word' id='word_1_82' title='bbox 718 2301 842 2378; x_wconf 84' lang='lat' dir='ltr'><strong>nudos</strong></span> <span class='ocrx_word' id='word_1_83' title='bbox 858 2302 1031 2378; x_wconf 88' lang='lat' dir='ltr'><strong>humeris</strong></span> <span class='ocrx_word' id='word_1_84' title='bbox 1044 2310 1057 2341; x_wconf 87' lang='lat'><strong>¹</strong></span> <span class='ocrx_word' id='word_1_85' title='bbox 1071 2303 1198 2377; x_wconf 84' lang='lat' dir='ltr'><strong>infusa</strong></span> <span class='ocrx_word' id='word_1_86' title='bbox 1210 2303 1380 2402; x_wconf 86' lang='lat' dir='ltr'><strong>capillos:</strong></span> 
     </span>
    </p>

    <p class='ocr_par' dir='ltr' id='par_1_10' title="bbox 368 2409 1507 3453">
     <span class='ocr_line' id='line_1_14' title="bbox 368 2409 1361 2531; baseline -0.001 -24"><span class='ocrx_word' id='word_1_87' title='bbox 368 2409 377 2428; x_wconf 34' lang='lat' dir='ltr'><strong>i</strong></span> <span class='ocrx_word' id='word_1_88' title='bbox 420 2433 582 2531; x_wconf 61' lang='lat' dir='ltr'><strong>Forsque</strong></span> <span class='ocrx_word' id='word_1_89' title='bbox 597 2459 709 2531; x_wconf 81' lang='lat' dir='ltr'><strong>vagos</strong></span> <span class='ocrx_word' id='word_1_90' title='bbox 726 2432 860 2506; x_wconf 83' lang='lat' dir='ltr'><strong>mediae</strong></span> <span class='ocrx_word' id='word_1_91' title='bbox 872 2458 941 2529; x_wconf 88' lang='lat' dir='ltr'><strong>per</strong></span> <span class='ocrx_word' id='word_1_92' title='bbox 956 2444 1063 2508; x_wconf 79' lang='lat' dir='ltr'><strong>muta</strong></span> <span class='ocrx_word' id='word_1_93' title='bbox 1076 2432 1225 2506; x_wconf 77' lang='lat' dir='ltr'><strong>silentia</strong></span> <span class='ocrx_word' id='word_1_94' title='bbox 1239 2432 1361 2506; x_wconf 85' lang='lat' dir='ltr'><strong>noctis</strong></span> 
     </span>
     <span class='ocr_line' id='line_1_15' title="bbox 419 2561 1507 2662; baseline -0.002 -24"><span class='ocrx_word' id='word_1_95' title='bbox 419 2564 642 2638; x_wconf 81' lang='lat' dir='ltr'><strong>Incomitote</strong></span> <span class='ocrx_word' id='word_1_96' title='bbox 654 2561 801 2661; x_wconf 79' lang='lat' dir='ltr'><strong>gradus.</strong></span> <span class='ocrx_word' id='word_1_97' title='bbox 817 2563 1020 2662; x_wconf 87' lang='lat' dir='ltr'><strong>Homines,</strong></span> <span class='ocrx_word' id='word_1_98' title='bbox 1032 2564 1302 2662; x_wconf 86' lang='lat' dir='ltr'><strong>volucresque,</strong></span> <span class='ocrx_word' id='word_1_99' title='bbox 1316 2561 1507 2662; x_wconf 78' lang='lat' dir='ltr'><strong>serasque,</strong></span> 
     </span>
     <span class='ocr_line' id='line_1_16' title="bbox 418 2693 1416 2794; baseline 0 -24"><span class='ocrx_word' id='word_1_100' title='bbox 418 2697 587 2770; x_wconf 86' lang='lat' dir='ltr'><strong>Solverat</strong></span> <span class='ocrx_word' id='word_1_101' title='bbox 601 2693 675 2768; x_wconf 79' lang='lat' dir='ltr'><strong>olla</strong></span> <span class='ocrx_word' id='word_1_102' title='bbox 691 2694 799 2792; x_wconf 88' lang='lat' dir='ltr'><strong>quies</strong></span> <span class='ocrx_word' id='word_1_103' title='bbox 816 2723 824 2768; x_wconf 93' lang='lat'>:</span> <span class='ocrx_word' id='word_1_104' title='bbox 844 2697 953 2770; x_wconf 90' lang='lat' dir='ltr'><strong>nullo</strong></span> <span class='ocrx_word' id='word_1_105' title='bbox 970 2722 1060 2772; x_wconf 90' lang='lat' dir='ltr'><strong>oum</strong></span> <span class='ocrx_word' id='word_1_106' title='bbox 1074 2721 1274 2770; x_wconf 90' lang='lat' dir='ltr'><strong>murmure</strong></span> <span class='ocrx_word' id='word_1_107' title='bbox 1290 2721 1416 2794; x_wconf 88' lang='lat' dir='ltr'><strong>sepes,</strong></span> 
     </span>
     <span class='ocr_line' id='line_1_17' title="bbox 420 2825 1466 2926; baseline 0.003 -25"><span class='ocrx_word' id='word_1_108' title='bbox 420 2828 667 2922; x_wconf 82' lang='lat' dir='ltr'><strong>lmmotaeque</strong></span> <span class='ocrx_word' id='word_1_109' title='bbox 684 2825 797 2899; x_wconf 79' lang='lat' dir='ltr'><strong>silent</strong></span> <span class='ocrx_word' id='word_1_110' title='bbox 809 2826 962 2902; x_wconf 78' lang='lat' dir='ltr'><strong>frondes</strong></span> <span class='ocrx_word' id='word_1_111' title='bbox 971 2859 982 2926; x_wconf 89' lang='lat'>;</span> <span class='ocrx_word' id='word_1_112' title='bbox 998 2829 1082 2902; x_wconf 88' lang='lat' dir='ltr'><strong>silet</strong></span> <span class='ocrx_word' id='word_1_113' title='bbox 1094 2828 1280 2904; x_wconf 85' lang='lat' dir='ltr'><strong>humidus</strong></span> <span class='ocrx_word' id='word_1_114' title='bbox 1291 2835 1368 2904; x_wconf 79' lang='lat' dir='ltr'><strong>a&#39;er.</strong></span> <span class='ocrx_word' id='word_1_115' title='bbox 1462 2873 1466 2880; x_wconf 93' lang='lat'>·</span> 
     </span>
     <span class='ocr_line' id='line_1_18' title="bbox 419 2951 1418 3056; baseline 0.008 -28"><span class='ocrx_word' id='word_1_116' title='bbox 419 2952 549 3052; x_wconf 83' lang='lat' dir='ltr'><strong>Sidera</strong></span> <span class='ocrx_word' id='word_1_117' title='bbox 563 2952 641 3028; x_wconf 83' lang='lat' dir='ltr'><strong>sola</strong></span> <span class='ocrx_word' id='word_1_118' title='bbox 655 2951 799 3028; x_wconf 78' lang='lat' dir='ltr'><strong>micant</strong></span> <span class='ocrx_word' id='word_1_119' title='bbox 816 2984 823 3028; x_wconf 94' lang='lat'>:</span> <span class='ocrx_word' id='word_1_120' title='bbox 842 2956 889 3030; x_wconf 84' lang='lat' dir='ltr'><strong>od</strong></span> <span class='ocrx_word' id='word_1_121' title='bbox 905 2985 992 3056; x_wconf 82' lang='lat' dir='ltr'><strong>quae</strong></span> <span class='ocrx_word' id='word_1_122' title='bbox 1008 2986 1076 3034; x_wconf 85' lang='lat' dir='ltr'><strong>sua</strong></span> <span class='ocrx_word' id='word_1_123' title='bbox 1090 2960 1244 3036; x_wconf 81' lang='lat' dir='ltr'><strong>brachia</strong></span> <span class='ocrx_word' id='word_1_124' title='bbox 1258 2961 1418 3038; x_wconf 88' lang='lat' dir='ltr'><strong>tendens</strong></span> 
     </span>
     <span class='ocr_line' id='line_1_19' title="bbox 417 3085 1329 3183; baseline 0.012 -25"><span class='ocrx_word' id='word_1_125' title='bbox 417 3085 492 3158; x_wconf 93' lang='lat' dir='ltr'><strong>Ter</strong></span> <span class='ocrx_word' id='word_1_126' title='bbox 508 3111 546 3158; x_wconf 88' lang='lat' dir='ltr'><strong>se</strong></span> <span class='ocrx_word' id='word_1_127' title='bbox 563 3085 769 3183; x_wconf 83' lang='lat' dir='ltr'><strong>convertit,</strong></span> <span class='ocrx_word' id='word_1_128' title='bbox 785 3098 844 3161; x_wconf 83' lang='lat' dir='ltr'><strong>ter</strong></span> <span class='ocrx_word' id='word_1_129' title='bbox 859 3091 994 3164; x_wconf 81' lang='lat' dir='ltr'><strong>sumtis</strong></span> <span class='ocrx_word' id='word_1_130' title='bbox 1010 3092 1172 3166; x_wconf 86' lang='lat' dir='ltr'><strong>flumine</strong></span> <span class='ocrx_word' id='word_1_131' title='bbox 1184 3094 1329 3169; x_wconf 87' lang='lat' dir='ltr'><strong>crinem</strong></span> 
     </span>
     <span class='ocr_line' id='line_1_20' title="bbox 419 3217 1182 3314; baseline 0.005 -22"><span class='ocrx_word' id='word_1_132' title='bbox 419 3217 603 3292; x_wconf 85' lang='lat' dir='ltr'><strong>hroravit</strong></span> <span class='ocrx_word' id='word_1_133' title='bbox 615 3217 744 3314; x_wconf 83' lang='lat' dir='ltr'><strong>aquis,</strong></span> <span class='ocrx_word' id='word_1_134' title='bbox 763 3220 882 3295; x_wconf 82' lang='lat' dir='ltr'><strong>ternis</strong></span> <span class='ocrx_word' id='word_1_135' title='bbox 894 3221 1104 3296; x_wconf 84' lang='lat' dir='ltr'><strong>ululatibus</strong></span> <span class='ocrx_word' id='word_1_136' title='bbox 1116 3249 1182 3296; x_wconf 85' lang='lat' dir='ltr'><strong>ora</strong></span> 
     </span>
     <span class='ocr_line' id='line_1_21' title="bbox 416 3346 1272 3453; baseline 0.008 -31"><span class='ocrx_word' id='word_1_137' title='bbox 416 3346 556 3444; x_wconf 84' lang='lat' dir='ltr'><strong>Solvit3</strong></span> <span class='ocrx_word' id='word_1_138' title='bbox 575 3357 613 3420; x_wconf 83' lang='lat' dir='ltr'><strong>et</strong></span> <span class='ocrx_word' id='word_1_139' title='bbox 625 3346 670 3420; x_wconf 89' lang='lat' dir='ltr'><strong>in</strong></span> <span class='ocrx_word' id='word_1_140' title='bbox 682 3346 780 3424; x_wconf 71' lang='lat' dir='ltr'><strong>durs</strong></span> <span class='ocrx_word' id='word_1_141' title='bbox 795 3353 982 3428; x_wconf 89' lang='lat' dir='ltr'><strong>submisso</strong></span> <span class='ocrx_word' id='word_1_142' title='bbox 998 3354 1140 3453; x_wconf 88' lang='lat' dir='ltr'><strong>poplite</strong></span> <span class='ocrx_word' id='word_1_143' title='bbox 1152 3353 1272 3428; x_wconf 70' lang='lat' dir='ltr'><strong>terri:</strong></span> 
     </span>
    </p>
   </div>
   <div class='ocr_carea' id='block_1_5' title="bbox 403 3530 1457 3800">
    <p class='ocr_par' dir='ltr' id='par_1_11' title="bbox 403 3530 1457 3800">
     <span class='ocr_line' id='line_1_22' title="bbox 403 3530 1453 3628; baseline 0.01 -31"><span class='ocrx_word' id='word_1_144' title='bbox 403 3530 406 3536; x_wconf 47' lang='lat'>¹</span> <span class='ocrx_word' id='word_1_145' title='bbox 458 3546 467 3576; x_wconf 92' lang='lat'>¹</span> <span class='ocrx_word' id='word_1_146' title='bbox 488 3543 651 3614; x_wconf 61' lang='lat' dir='ltr'><strong>meinerus,</strong></span> <span class='ocrx_word' id='word_1_147' title='bbox 662 3547 787 3604; x_wconf 77' lang='lat' dir='ltr'><strong>recae‘neta</strong></span> <span class='ocrx_word' id='word_1_148' title='bbox 794 3587 804 3615; x_wconf 94' lang='lat'><em>,</em></span> <span class='ocrx_word' id='word_1_149' title='bbox 816 3546 870 3621; x_wconf 86' lang='lat' dir='ltr'><strong>qui</strong></span> <span class='ocrx_word' id='word_1_150' title='bbox 883 3548 955 3604; x_wconf 83' lang='lat' dir='ltr'><strong>n&#39;est</strong></span> <span class='ocrx_word' id='word_1_151' title='bbox 968 3567 1020 3623; x_wconf 77' lang='lat' dir='ltr'><strong>pas</strong></span> <span class='ocrx_word' id='word_1_152' title='bbox 1030 3549 1122 3618; x_wconf 81' lang='lat' dir='ltr'><strong>ceint,</strong></span> <span class='ocrx_word' id='word_1_153' title='bbox 1133 3552 1187 3626; x_wconf 88' lang='lat' dir='ltr'><strong>qui</strong></span> <span class='ocrx_word' id='word_1_154' title='bbox 1199 3551 1272 3610; x_wconf 80' lang='lat' dir='ltr'><strong>n’est</strong></span> <span class='ocrx_word' id='word_1_155' title='bbox 1282 3571 1335 3628; x_wconf 76' lang='lat' dir='ltr'><strong>pes</strong></span> <span class='ocrx_word' id='word_1_156' title='bbox 1346 3551 1453 3610; x_wconf 74' lang='lat' dir='ltr'><strong>cointe.</strong></span> 
     </span>
     <span class='ocr_line' id='line_1_23' title="bbox 413 3641 1457 3728; baseline 0.014 -30"><span class='ocrx_word' id='word_1_157' title='bbox 413 3642 571 3699; x_wconf 81' lang='lat' dir='ltr'><strong>Consultez</strong></span> <span class='ocrx_word' id='word_1_158' title='bbox 585 3641 612 3700; x_wconf 85' lang='lat' dir='ltr'><strong>le</strong></span> <span class='ocrx_word' id='word_1_159' title='bbox 624 3641 817 3702; x_wconf 79' lang='lat' dir='ltr'><strong>dictionnoire</strong></span> <span class='ocrx_word' id='word_1_160' title='bbox 828 3645 902 3704; x_wconf 77' lang='lat' dir='ltr'><strong>latin</strong></span> <span class='ocrx_word' id='word_1_161' title='bbox 911 3647 948 3706; x_wconf 85' lang='lat' dir='ltr'><strong>de</strong></span> <span class='ocrx_word' id='word_1_162' title='bbox 958 3649 1073 3719; x_wconf 77' lang='lat' dir='ltr'><strong>Donet,</strong></span> <span class='ocrx_word' id='word_1_163' title='bbox 1085 3651 1282 3728; x_wconf 76' lang='lat' dir='ltr'><strong>quis&#39;nppnie</strong></span> <span class='ocrx_word' id='word_1_164' title='bbox 1293 3653 1330 3711; x_wconf 83' lang='lat' dir='ltr'><strong>de</strong></span> <span class='ocrx_word' id='word_1_165' title='bbox 1342 3654 1457 3712; x_wconf 74' lang='lat' dir='ltr'><strong>l&#39;snto-</strong></span> 
     </span>
     <span class='ocr_line' id='line_1_24' title="bbox 413 3741 618 3800; baseline 0.01 -3"><span class='ocrx_word' id='word_1_166' title='bbox 413 3741 470 3798; x_wconf 75' lang='lat' dir='ltr'><strong>rite</strong></span> <span class='ocrx_word' id='word_1_167' title='bbox 482 3741 618 3800; x_wconf 78' lang='lat' dir='ltr'><strong>d&#39;0vide.</strong></span> 
     </span>
    </p>
   </div>
   <div class='ocr_carea' id='block_1_6' title="bbox 411 3841 1457 4016">
    <p class='ocr_par' dir='ltr' id='par_1_12' title="bbox 411 3841 1457 4016">
     <span class='ocr_line' id='line_1_25' title="bbox 456 3841 1457 3928; baseline 0.016 -32"><span class='ocrx_word' id='word_1_168' title='bbox 456 3845 470 3874; x_wconf 85' lang='lat'><strong>¹</strong></span> <span class='ocrx_word' id='word_1_169' title='bbox 492 3841 678 3916; x_wconf 79' lang='lat' dir='ltr'><strong>Synecdocke</strong></span> <span class='ocrx_word' id='word_1_170' title='bbox 691 3849 812 3922; x_wconf 59' lang='lat' dir='ltr'><strong>poetica</strong></span> <span class='ocrx_word' id='word_1_171' title='bbox 820 3887 831 3919; x_wconf 89' lang='lat'><em>,</em></span> <span class='ocrx_word' id='word_1_172' title='bbox 846 3847 902 3907; x_wconf 76' lang='lat' dir='ltr'><strong>hoc</strong></span> <span class='ocrx_word' id='word_1_173' title='bbox 915 3861 959 3907; x_wconf 77' lang='lat' dir='ltr'><strong>ese</strong></span> <span class='ocrx_word' id='word_1_174' title='bbox 967 3891 979 3923; x_wconf 84' lang='lat'><strong><em>,</em></strong></span> <span class='ocrx_word' id='word_1_175' title='bbox 995 3870 1056 3928; x_wconf 84' lang='lat' dir='ltr'><strong>per</strong></span> <span class='ocrx_word' id='word_1_176' title='bbox 1073 3852 1167 3911; x_wconf 79' lang='lat' dir='ltr'><strong>nudos</strong></span> <span class='ocrx_word' id='word_1_177' title='bbox 1183 3851 1319 3910; x_wconf 78' lang='lat' dir='ltr'><strong>humeros</strong></span> <span class='ocrx_word' id='word_1_178' title='bbox 1336 3871 1457 3928; x_wconf 80' lang='lat' dir='ltr'><strong>sparsos</strong></span> 
     </span>
     <span class='ocr_line' id='line_1_26' title="bbox 411 3939 664 4016; baseline 0.016 -20"><span class='ocrx_word' id='word_1_179' title='bbox 411 3941 533 4016; x_wconf 78' lang='lat' dir='ltr'><strong>capillos</strong></span> <span class='ocrx_word' id='word_1_180' title='bbox 544 3939 664 4000; x_wconf 76' lang='lat' dir='ltr'><strong>habens.</strong></span> 
     </span>
    </p>
   </div>
   <div class='ocr_carea' id='block_1_7' title="bbox 886 4175 892 4216">
    <p class='ocr_par' dir='ltr' id='par_1_13' title="bbox 886 4175 892 4216">
     <span class='ocr_line' id='line_1_27' title="bbox 886 4175 892 4216; baseline 0 0"><span class='ocrx_word' id='word_1_181' title='bbox 886 4175 892 4216; x_wconf 82' lang='lat' dir='ltr'><strong>l</strong></span> 
     </span>
    </p>
   </div>
   <div class='ocr_carea' id='block_1_8' title="bbox 0 0 1610 5324">
    <p class='ocr_par' dir='ltr' id='par_1_14' title="bbox 0 0 1610 5324">
     <span class='ocr_line' id='line_1_28' title="bbox 0 0 1610 5324; baseline 0 1"><span class='ocrx_word' id='word_1_182' title='bbox 0 0 1610 5324; x_wconf 95' lang='lat' dir='ltr'><strong> </strong></span> 
     </span>
    </p>
   </div>
  </div>
 </body>
</html>
