<?xml version="1.0" encoding="UTF-8"?>
<!DOCTYPE html PUBLIC "-//W3C//DTD XHTML 1.0 Transitional//EN"
    "http://www.w3.org/TR/xhtml1/DTD/xhtml1-transitional.dtd">
<html xmlns="http://www.w3.org/1999/xhtml" xml:lang="en" lang="en">
 <head>
  <title>
</title>
<meta http-equiv="Content-Type" content="text/html;charset=utf-8" />
  <meta name='ocr-system' content='tesseract 3.04.00' />
  <meta name='ocr-capabilities' content='ocr_page ocr_carea ocr_par ocr_line ocrx_word'/>
</head>
<body>
  <div class='ocr_page' id='page_1' title='image "./lesmtamorphoses02saingoog_0214.png"; bbox 0 0 3170 5304; ppageno 0'>
   <div class='ocr_carea' id='block_1_1' title="bbox 445 541 1362 656">
    <p class='ocr_par' dir='ltr' id='par_1_1' title="bbox 445 541 1362 656">
     <span class='ocr_line' id='line_1_1' title="bbox 445 541 1362 656; baseline -0.005 -18"><span class='ocrx_word' id='word_1_1' title='bbox 445 561 515 656; x_wconf 83' lang='lat'><strong>176</strong></span> <span class='ocrx_word' id='word_1_2' title='bbox 564 573 647 631; x_wconf 76' lang='lat' dir='ltr'><strong>ans</strong></span> <span class='ocrx_word' id='word_1_3' title='bbox 676 541 1109 628; x_wconf 73' lang='lat' dir='ltr'><strong>ndrsnournosns</strong></span> <span class='ocrx_word' id='word_1_4' title='bbox 1140 572 1362 654; x_wconf 79' lang='lat' dir='ltr'><strong>n’ovmr,</strong></span> 
     </span>
    </p>
   </div>
   <div class='ocr_carea' id='block_1_2' title="bbox 440 722 1520 1466">
    <p class='ocr_par' dir='ltr' id='par_1_2' title="bbox 440 722 1520 1080">
     <span class='ocr_line' id='line_1_2' title="bbox 440 722 1448 820; baseline -0.012 -15"><span class='ocrx_word' id='word_1_5' title='bbox 440 731 552 806; x_wconf 89' lang='lat' dir='ltr'><strong>Nunc</strong></span> <span class='ocrx_word' id='word_1_6' title='bbox 566 726 664 820; x_wconf 83' lang='lat' dir='ltr'><strong>Dea,</strong></span> <span class='ocrx_word' id='word_1_7' title='bbox 681 745 885 818; x_wconf 83' lang='lat' dir='ltr'><strong>regnorum</strong></span> <span class='ocrx_word' id='word_1_8' title='bbox 895 743 1041 794; x_wconf 90' lang='lat' dir='ltr'><strong>numen</strong></span> <span class='ocrx_word' id='word_1_9' title='bbox 1053 745 1256 796; x_wconf 87' lang='lat' dir='ltr'><strong>commune</strong></span> <span class='ocrx_word' id='word_1_10' title='bbox 1269 722 1448 817; x_wconf 91' lang='lat' dir='ltr'><strong>duorum,</strong></span> 
     </span>
     <span class='ocr_line' id='line_1_3' title="bbox 441 847 1520 950; baseline -0.008 -18"><span class='ocrx_word' id='word_1_11' title='bbox 441 859 540 932; x_wconf 85' lang='lat' dir='ltr'><strong>Cum</strong></span> <span class='ocrx_word' id='word_1_12' title='bbox 552 866 670 931; x_wconf 87' lang='lat' dir='ltr'><strong>matre</strong></span> <span class='ocrx_word' id='word_1_13' title='bbox 684 847 927 946; x_wconf 71' lang='lat' dir='ltr'><strong>cusmidem,</strong></span> <span class='ocrx_word' id='word_1_14' title='bbox 941 847 1100 923; x_wconf 87' lang='lat' dir='ltr'><strong>totidem</strong></span> <span class='ocrx_word' id='word_1_15' title='bbox 1113 875 1202 926; x_wconf 88' lang='lat' dir='ltr'><strong>oum</strong></span> <span class='ocrx_word' id='word_1_16' title='bbox 1216 854 1371 950; x_wconf 81' lang='lat' dir='ltr'><strong>oonjuge</strong></span> <span class='ocrx_word' id='word_1_17' title='bbox 1383 873 1520 925; x_wconf 85' lang='lat' dir='ltr'><strong>menses.</strong></span> 
     </span>
     <span class='ocr_line' id='line_1_4' title="bbox 441 979 1332 1080; baseline -0.009 -16"><span class='ocrx_word' id='word_1_18' title='bbox 441 988 615 1064; x_wconf 80' lang='lat' dir='ltr'>Vertitur</span> <span class='ocrx_word' id='word_1_19' title='bbox 632 981 822 1078; x_wconf 84' lang='lat' dir='ltr'><strong>extemplo</strong></span> <span class='ocrx_word' id='word_1_20' title='bbox 835 979 945 1054; x_wconf 83' lang='lat' dir='ltr'><strong>facies</strong></span> <span class='ocrx_word' id='word_1_21' title='bbox 962 991 999 1052; x_wconf 87' lang='lat' dir='ltr'><strong>et</strong></span> <span class='ocrx_word' id='word_1_22' title='bbox 1011 979 1165 1079; x_wconf 84' lang='lat' dir='ltr'><strong>mentis,</strong></span> <span class='ocrx_word' id='word_1_23' title='bbox 1186 993 1224 1055; x_wconf 90' lang='lat' dir='ltr'><strong>et</strong></span> <span class='ocrx_word' id='word_1_24' title='bbox 1237 981 1332 1080; x_wconf 79' lang='lat' dir='ltr'><strong>oris3</strong></span> 
     </span>
    </p>

    <p class='ocr_par' dir='ltr' id='par_1_3' title="bbox 444 1086 1490 1466">
     <span class='ocr_line' id='line_1_5' title="bbox 445 1086 1490 1214; baseline -0.013 -17"><span class='ocrx_word' id='word_1_25' title='bbox 445 1121 560 1214; x_wconf 87' lang='lat' dir='ltr'><strong>Nam,</strong></span> <span class='ocrx_word' id='word_1_26' title='bbox 576 1113 689 1192; x_wconf 78' lang='lat' dir='ltr'><strong>mod&#39;o</strong></span> <span class='ocrx_word' id='word_1_27' title='bbox 702 1137 788 1210; x_wconf 84' lang='lat' dir='ltr'><strong>quae</strong></span> <span class='ocrx_word' id='word_1_28' title='bbox 800 1086 1037 1210; x_wconf 40' lang='lat' dir='ltr'><strong>poterat&#39;Diti</strong></span> <span class='ocrx_word' id='word_1_29' title='bbox 1051 1136 1204 1208; x_wconf 88' lang='lat' dir='ltr'><strong>quoque</strong></span> <span class='ocrx_word' id='word_1_30' title='bbox 1217 1123 1350 1188; x_wconf 84' lang='lat' dir='ltr'><strong>moesta</strong></span> <span class='ocrx_word' id='word_1_31' title='bbox 1361 1108 1490 1204; x_wconf 89' lang='lat' dir='ltr'><strong>videri,</strong></span> 
     </span>
     <span class='ocr_line' id='line_1_6' title="bbox 444 1239 1389 1340; baseline -0.016 -11"><span class='ocrx_word' id='word_1_32' title='bbox 444 1253 546 1329; x_wconf 73' lang='lat' dir='ltr'><strong>Laeta</strong></span> <span class='ocrx_word' id='word_1_33' title='bbox 557 1249 646 1322; x_wconf 84' lang='lat' dir='ltr'><strong>Deae</strong></span> <span class='ocrx_word' id='word_1_34' title='bbox 658 1243 763 1318; x_wconf 84' lang='lat' dir='ltr'><strong>frons</strong></span> <span class='ocrx_word' id='word_1_35' title='bbox 776 1253 831 1316; x_wconf 89' lang='lat' dir='ltr'><strong>est</strong></span> <span class='ocrx_word' id='word_1_36' title='bbox 845 1269 853 1314; x_wconf 76' lang='grc' dir='ltr'><strong><em>ε</em></strong></span> <span class='ocrx_word' id='word_1_37' title='bbox 869 1253 914 1313; x_wconf 88' lang='lat' dir='ltr'><strong>ut</strong></span> <span class='ocrx_word' id='word_1_38' title='bbox 927 1239 1007 1338; x_wconf 88' lang='lat' dir='ltr'><strong>sol,</strong></span> <span class='ocrx_word' id='word_1_39' title='bbox 1023 1241 1091 1338; x_wconf 93' lang='lat' dir='ltr'><strong>qui</strong></span> <span class='ocrx_word' id='word_1_40' title='bbox 1105 1253 1225 1315; x_wconf 87' lang='lat' dir='ltr'><strong>tectus</strong></span> <span class='ocrx_word' id='word_1_41' title='bbox 1241 1243 1389 1340; x_wconf 83' lang='lat' dir='ltr'>aquosis</span> 
     </span>
     <span class='ocr_line' id='line_1_7' title="bbox 444 1367 1326 1466; baseline -0.014 -9"><span class='ocrx_word' id='word_1_42' title='bbox 444 1378 620 1458; x_wconf 88' lang='lat' dir='ltr'><strong>Nubibus</strong></span> <span class='ocrx_word' id='word_1_43' title='bbox 632 1383 719 1446; x_wconf 85' lang='lat' dir='ltr'><strong>ante</strong></span> <span class='ocrx_word' id='word_1_44' title='bbox 734 1368 827 1466; x_wconf 62' lang='lat' dir='ltr'><strong>fisis,</strong></span> <span class='ocrx_word' id='word_1_45' title='bbox 842 1367 954 1442; x_wconf 86' lang='lat' dir='ltr'><strong>victis</strong></span> <span class='ocrx_word' id='word_1_46' title='bbox 967 1369 1034 1442; x_wconf 93' lang='lat' dir='ltr'><strong>ubi</strong></span> <span class='ocrx_word' id='word_1_47' title='bbox 1051 1370 1220 1444; x_wconf 91' lang='lat' dir='ltr'><strong>nubibus</strong></span> <span class='ocrx_word' id='word_1_48' title='bbox 1235 1371 1326 1446; x_wconf 81' lang='lat' dir='ltr'><strong>exit.</strong></span> 
     </span>
    </p>
   </div>
   <div class='ocr_carea' id='block_1_3' title="bbox 648 1541 1286 1662">
    <p class='ocr_par' dir='ltr' id='par_1_4' title="bbox 648 1541 1286 1662">
     <span class='ocr_line' id='line_1_8' title="bbox 648 1541 1286 1662; baseline -0.003 -21"><span class='ocrx_word' id='word_1_49' title='bbox 648 1563 816 1641; x_wconf 88' lang='lat' dir='ltr'>XVIII.</span> <span class='ocrx_word' id='word_1_50' title='bbox 843 1563 1017 1662; x_wconf 79' lang='lat' dir='ltr'><strong>Alpheus</strong></span> <span class='ocrx_word' id='word_1_51' title='bbox 1031 1577 1069 1636; x_wconf 85' lang='lat' dir='ltr'><strong>et</strong></span> <span class='ocrx_word' id='word_1_52' title='bbox 1079 1541 1286 1639; x_wconf 74' lang='lat' dir='ltr'><strong>Arethusa.</strong></span> 
     </span>
    </p>
   </div>
   <div class='ocr_carea' id='block_1_4' title="bbox 327 1757 1529 3951">
    <p class='ocr_par' dir='ltr' id='par_1_5' title="bbox 327 1757 1529 3951">
     <span class='ocr_line' id='line_1_9' title="bbox 496 1757 1354 1860; baseline -0.012 -17"><span class='ocrx_word' id='word_1_53' title='bbox 496 1768 671 1842; x_wconf 82' lang='lat' dir='ltr'><strong>Exrorr</strong></span> <span class='ocrx_word' id='word_1_54' title='bbox 687 1757 785 1834; x_wconf 85' lang='lat' dir='ltr'><strong>alma</strong></span> <span class='ocrx_word' id='word_1_55' title='bbox 798 1757 927 1853; x_wconf 84' lang='lat' dir='ltr'><strong>Ceres,</strong></span> <span class='ocrx_word' id='word_1_56' title='bbox 946 1757 1034 1830; x_wconf 72' lang='lat' dir='ltr'><strong>natat</strong></span> <span class='ocrx_word' id='word_1_57' title='bbox 1045 1783 1175 1832; x_wconf 87' lang='lat' dir='ltr'><strong>secura</strong></span> <span class='ocrx_word' id='word_1_58' title='bbox 1189 1760 1354 1860; x_wconf 68' lang='lat' dir='ltr'><strong>reperta,</strong></span> 
     </span>
     <span class='ocr_line' id='line_1_10' title="bbox 448 1885 1465 1986; baseline -0.013 -15"><span class='ocrx_word' id='word_1_59' title='bbox 448 1897 544 1985; x_wconf 82' lang='lat' dir='ltr'><strong>Quae</strong></span> <span class='ocrx_word' id='word_1_60' title='bbox 558 1891 630 1967; x_wconf 79' lang='lat' dir='ltr'><strong>tibi</strong></span> <span class='ocrx_word' id='word_1_61' title='bbox 646 1912 757 1962; x_wconf 83' lang='lat' dir='ltr'><strong>causa</strong></span> <span class='ocrx_word' id='word_1_62' title='bbox 769 1885 860 1982; x_wconf 83' lang='lat' dir='ltr'><strong>viae,</strong></span> <span class='ocrx_word' id='word_1_63' title='bbox 878 1885 1027 1982; x_wconf 85' lang='lat' dir='ltr'><strong>cursis,</strong></span> <span class='ocrx_word' id='word_1_64' title='bbox 1046 1886 1253 1986; x_wconf 80' lang='lat' dir='ltr'><strong>Arethusa,</strong></span> <span class='ocrx_word' id='word_1_65' title='bbox 1267 1915 1368 1965; x_wconf 85' lang='lat' dir='ltr'><strong>sacer</strong></span> <span class='ocrx_word' id='word_1_66' title='bbox 1378 1887 1465 1966; x_wconf 87' lang='lat' dir='ltr'><strong>fons.</strong></span> 
     </span>
     <span class='ocr_line' id='line_1_11' title="bbox 447 2017 1347 2116; baseline -0.011 -10"><span class='ocrx_word' id='word_1_67' title='bbox 447 2024 671 2106; x_wconf 72' lang='lat' dir='ltr'><strong>Contioudre</strong></span> <span class='ocrx_word' id='word_1_68' title='bbox 682 2017 815 2114; x_wconf 88' lang='lat' dir='ltr'><strong>undae,</strong></span> <span class='ocrx_word' id='word_1_69' title='bbox 834 2043 999 2116; x_wconf 85' lang='lat' dir='ltr'><strong>quarum</strong></span> <span class='ocrx_word' id='word_1_70' title='bbox 1013 2019 1092 2092; x_wconf 85' lang='lat' dir='ltr'><strong>Dea</strong></span> <span class='ocrx_word' id='word_1_71' title='bbox 1104 2021 1257 2094; x_wconf 85' lang='lat' dir='ltr'><strong>sustulit</strong></span> <span class='ocrx_word' id='word_1_72' title='bbox 1273 2023 1347 2097; x_wconf 85' lang='lat' dir='ltr'><strong>alto</strong></span> 
     </span>
     <span class='ocr_line' id='line_1_12' title="bbox 449 2148 1391 2253; baseline -0.01 -15"><span class='ocrx_word' id='word_1_73' title='bbox 449 2161 566 2240; x_wconf 80' lang='lat' dir='ltr'><strong>Fonte</strong></span> <span class='ocrx_word' id='word_1_74' title='bbox 581 2163 711 2253; x_wconf 82' lang='lat' dir='ltr'><strong>caput3</strong></span> <span class='ocrx_word' id='word_1_75' title='bbox 730 2148 948 2244; x_wconf 88' lang='lat' dir='ltr'><strong>viridesque</strong></span> <span class='ocrx_word' id='word_1_76' title='bbox 965 2175 1084 2224; x_wconf 85' lang='lat' dir='ltr'><strong>manu</strong></span> <span class='ocrx_word' id='word_1_77' title='bbox 1097 2151 1230 2224; x_wconf 82' lang='lat' dir='ltr'><strong>siccata</strong></span> <span class='ocrx_word' id='word_1_78' title='bbox 1242 2154 1391 2252; x_wconf 87' lang='lat' dir='ltr'><strong>oapillos</strong></span> 
     </span>
     <span class='ocr_line' id='line_1_13' title="bbox 448 2281 1247 2368; baseline -0.014 1"><span class='ocrx_word' id='word_1_79' title='bbox 448 2289 636 2368; x_wconf 88' lang='lat' dir='ltr'><strong>Fluminis</strong></span> <span class='ocrx_word' id='word_1_80' title='bbox 653 2281 732 2358; x_wconf 78' lang='lat' dir='ltr'><strong>Elei</strong></span> <span class='ocrx_word' id='word_1_81' title='bbox 746 2292 891 2354; x_wconf 83' lang='lat' dir='ltr'><strong>veteres</strong></span> <span class='ocrx_word' id='word_1_82' title='bbox 905 2281 1075 2354; x_wconf 86' lang='lat' dir='ltr'><strong>narravit</strong></span> <span class='ocrx_word' id='word_1_83' title='bbox 1090 2307 1247 2358; x_wconf 84' lang='lat' dir='ltr'><strong>amores.</strong></span> 
     </span>
     <span class='ocr_line' id='line_1_14' title="bbox 393 2410 1529 2516; baseline -0.016 -16"><span class='ocrx_word' id='word_1_84' title='bbox 393 2479 395 2486; x_wconf 83' lang='lat'><em>.</em></span> <span class='ocrx_word' id='word_1_85' title='bbox 499 2426 588 2498; x_wconf 82' lang='lat' dir='ltr'><strong>Pars</strong></span> <span class='ocrx_word' id='word_1_86' title='bbox 603 2441 667 2516; x_wconf 80' lang='lat' dir='ltr'><strong>ego</strong></span> <span class='ocrx_word' id='word_1_87' title='bbox 681 2411 966 2511; x_wconf 73' lang='lat' dir='ltr'><strong>Nympharum,</strong></span> <span class='ocrx_word' id='word_1_88' title='bbox 982 2436 1068 2508; x_wconf 83' lang='lat' dir='ltr'><strong>quoe</strong></span> <span class='ocrx_word' id='word_1_89' title='bbox 1085 2424 1176 2485; x_wconf 88' lang='lat' dir='ltr'><strong>sunt</strong></span> <span class='ocrx_word' id='word_1_90' title='bbox 1187 2414 1230 2486; x_wconf 92' lang='lat' dir='ltr'><strong>in</strong></span> <span class='ocrx_word' id='word_1_91' title='bbox 1242 2413 1421 2511; x_wconf 73' lang='lat' dir='ltr'><strong>Achaide,</strong></span> <span class='ocrx_word' id='word_1_92' title='bbox 1433 2410 1529 2504; x_wconf 80' lang='lat' dir='ltr'><strong>dixit,</strong></span> 
     </span>
     <span class='ocr_line' id='line_1_15' title="bbox 450 2540 1261 2628; baseline -0.02 2"><span class='ocrx_word' id='word_1_93' title='bbox 450 2554 536 2628; x_wconf 89' lang='lat' dir='ltr'><strong>Una</strong></span> <span class='ocrx_word' id='word_1_94' title='bbox 551 2549 710 2626; x_wconf 78' lang='lat' dir='ltr'><strong>fi1i2nec</strong></span> <span class='ocrx_word' id='word_1_95' title='bbox 726 2568 788 2616; x_wconf 91' lang='lat' dir='ltr'><strong>me</strong></span> <span class='ocrx_word' id='word_1_96' title='bbox 801 2540 1005 2614; x_wconf 75' lang='lat' dir='ltr'><strong>studiosius</strong></span> <span class='ocrx_word' id='word_1_97' title='bbox 1020 2541 1135 2614; x_wconf 88' lang='lat' dir='ltr'><strong>altera</strong></span> <span class='ocrx_word' id='word_1_98' title='bbox 1146 2542 1261 2614; x_wconf 85' lang='lat' dir='ltr'><strong>saltus</strong></span> 
     </span>
     <span class='ocr_line' id='line_1_16' title="bbox 449 2668 1287 2778; baseline -0.011 -24"><span class='ocrx_word' id='word_1_99' title='bbox 449 2681 574 2778; x_wconf 87' lang='lat' dir='ltr'><strong>Legit,</strong></span> <span class='ocrx_word' id='word_1_100' title='bbox 589 2700 660 2749; x_wconf 89' lang='lat' dir='ltr'><strong>neo</strong></span> <span class='ocrx_word' id='word_1_101' title='bbox 672 2671 799 2768; x_wconf 89' lang='lat' dir='ltr'><strong>posuit</strong></span> <span class='ocrx_word' id='word_1_102' title='bbox 811 2668 1016 2742; x_wconf 83' lang='lat' dir='ltr'><strong>studiosius</strong></span> <span class='ocrx_word' id='word_1_103' title='bbox 1029 2668 1143 2742; x_wconf 84' lang='lat' dir='ltr'><strong>altera</strong></span> <span class='ocrx_word' id='word_1_104' title='bbox 1160 2695 1287 2744; x_wconf 86' lang='lat' dir='ltr'><strong>casses.</strong></span> 
     </span>
     <span class='ocr_line' id='line_1_17' title="bbox 327 2789 1513 2906; baseline -0.017 -18"><span class='ocrx_word' id='word_1_105' title='bbox 327 2789 331 2800; x_wconf 38' lang='lat'>¹</span> <span class='ocrx_word' id='word_1_106' title='bbox 451 2811 542 2906; x_wconf 86' lang='lat' dir='ltr'><strong>Sed,</strong></span> <span class='ocrx_word' id='word_1_107' title='bbox 558 2801 733 2905; x_wconf 84' lang='lat' dir='ltr'><strong>quamvis</strong></span> <span class='ocrx_word' id='word_1_108' title='bbox 745 2799 877 2873; x_wconf 84' lang='lat' dir='ltr'><strong>formae</strong></span> <span class='ocrx_word' id='word_1_109' title='bbox 891 2824 1103 2896; x_wconf 86' lang='lat' dir='ltr'><strong>numquam</strong></span> <span class='ocrx_word' id='word_1_110' title='bbox 1115 2799 1215 2872; x_wconf 89' lang='lat' dir='ltr'><strong>mihi</strong></span> <span class='ocrx_word' id='word_1_111' title='bbox 1227 2800 1325 2874; x_wconf 82' lang='lat' dir='ltr'><strong>fama</strong></span> <span class='ocrx_word' id='word_1_112' title='bbox 1336 2803 1445 2898; x_wconf 82' lang='lat' dir='ltr'><strong>petite</strong></span> <span class='ocrx_word' id='word_1_113' title='bbox 1454 2807 1513 2891; x_wconf 78' lang='lat' dir='ltr'><strong>at,</strong></span> 
     </span>
     <span class='ocr_line' id='line_1_18' title="bbox 451 2930 1446 3034; baseline -0.017 -14"><span class='ocrx_word' id='word_1_114' title='bbox 451 2939 637 3034; x_wconf 86' lang='lat' dir='ltr'><strong>Quamvis</strong></span> <span class='ocrx_word' id='word_1_115' title='bbox 650 2934 757 3010; x_wconf 81' lang='lat' dir='ltr'><strong>fortis</strong></span> <span class='ocrx_word' id='word_1_116' title='bbox 771 2957 893 3027; x_wconf 88' lang='lat' dir='ltr'><strong>eram,</strong></span> <span class='ocrx_word' id='word_1_117' title='bbox 912 2930 1085 3004; x_wconf 82' lang='lat' dir='ltr'><strong>formosae</strong></span> <span class='ocrx_word' id='word_1_118' title='bbox 1098 2955 1239 3004; x_wconf 87' lang='lat' dir='ltr'><strong>nornen</strong></span> <span class='ocrx_word' id='word_1_119' title='bbox 1251 2931 1446 3006; x_wconf 82' lang='lat' dir='ltr'><strong>habebam:</strong></span> 
     </span>
     <span class='ocr_line' id='line_1_19' title="bbox 450 3057 1344 3156; baseline -0.016 -8"><span class='ocrx_word' id='word_1_120' title='bbox 450 3075 527 3152; x_wconf 86' lang='lat' dir='ltr'><strong>Nec</strong></span> <span class='ocrx_word' id='word_1_121' title='bbox 539 3093 623 3144; x_wconf 86' lang='lat' dir='ltr'><strong>mea</strong></span> <span class='ocrx_word' id='word_1_122' title='bbox 637 3089 698 3136; x_wconf 88' lang='lat' dir='ltr'><strong>me</strong></span> <span class='ocrx_word' id='word_1_123' title='bbox 710 3059 820 3133; x_wconf 86' lang='lat' dir='ltr'><strong>facies</strong></span> <span class='ocrx_word' id='word_1_124' title='bbox 834 3058 1000 3130; x_wconf 77' lang='lat' dir='ltr'><strong>nimidm</strong></span> <span class='ocrx_word' id='word_1_125' title='bbox 1013 3057 1162 3130; x_wconf 88' lang='lat' dir='ltr'><strong>laudata</strong></span> <span class='ocrx_word' id='word_1_126' title='bbox 1172 3060 1344 3156; x_wconf 84' lang='lat' dir='ltr'><strong>juvabat3</strong></span> 
     </span>
     <span class='ocr_line' id='line_1_20' title="bbox 452 3183 1372 3296; baseline -0.016 -21"><span class='ocrx_word' id='word_1_127' title='bbox 452 3199 613 3296; x_wconf 70' lang='lat' dir='ltr'><strong>Quique</strong></span> <span class='ocrx_word' id='word_1_128' title='bbox 629 3192 710 3266; x_wconf 83' lang='lat' dir='ltr'><strong>oliae</strong></span> <span class='ocrx_word' id='word_1_129' title='bbox 723 3185 883 3285; x_wconf 88' lang='lat' dir='ltr'><strong>gaudere</strong></span> <span class='ocrx_word' id='word_1_130' title='bbox 897 3183 1037 3281; x_wconf 85' lang='lat' dir='ltr'><strong>solent,</strong></span> <span class='ocrx_word' id='word_1_131' title='bbox 1057 3209 1121 3281; x_wconf 85' lang='lat' dir='ltr'><strong>ego</strong></span> <span class='ocrx_word' id='word_1_132' title='bbox 1135 3186 1275 3260; x_wconf 88' lang='lat' dir='ltr'><strong>rustica</strong></span> <span class='ocrx_word' id='word_1_133' title='bbox 1286 3186 1372 3260; x_wconf 88' lang='lat' dir='ltr'><strong>dote</strong></span> 
     </span>
     <span class='ocr_line' id='line_1_21' title="bbox 453 3283 1458 3428; baseline -0.015 -25"><span class='ocrx_word' id='word_1_134' title='bbox 453 3325 629 3428; x_wconf 82' lang='lat' dir='ltr'><strong>Corporis</strong></span> <span class='ocrx_word' id='word_1_135' title='bbox 645 3318 802 3414; x_wconf 82' lang='lat' dir='ltr'><strong>erubui3</strong></span> <span class='ocrx_word' id='word_1_136' title='bbox 821 3317 1042 3412; x_wconf 89' lang='lat' dir='ltr'><strong>crimen&#39;que</strong></span> <span class='ocrx_word' id='word_1_137' title='bbox 1054 3315 1199 3413; x_wconf 85' lang='lat' dir='ltr'><strong>placere</strong></span> <span class='ocrx_word' id='word_1_138' title='bbox 1214 3315 1359 3412; x_wconf 86' lang='lat' dir='ltr'><strong>putavi.</strong></span> <span class='ocrx_word' id='word_1_139' title='bbox 1448 3283 1458 3302; x_wconf 67' lang='lat'>.</span> 
     </span>
     <span class='ocr_line' id='line_1_22' title="bbox 452 3446 1402 3548; baseline -0.018 -10"><span class='ocrx_word' id='word_1_140' title='bbox 452 3467 563 3544; x_wconf 84' lang='lat' dir='ltr'><strong>Lassa</strong></span> <span class='ocrx_word' id='word_1_141' title='bbox 575 3455 806 3548; x_wconf 79' lang='lat' dir='ltr'><strong>revertebar,</strong></span> <span class='ocrx_word' id='word_1_142' title='bbox 821 3451 996 3545; x_wconf 85' lang='lat' dir='ltr'><strong>memini,</strong></span> <span class='ocrx_word' id='word_1_143' title='bbox 1016 3446 1274 3546; x_wconf 84' lang='lat' dir='ltr'><strong>Stymphalide</strong></span> <span class='ocrx_word' id='word_1_144' title='bbox 1287 3446 1379 3522; x_wconf 77' lang='lat' dir='ltr'><strong>silvi</strong></span> <span class='ocrx_word' id='word_1_145' title='bbox 1394 3476 1402 3521; x_wconf 75' lang='grc' dir='ltr'>ε</span> 
     </span>
     <span class='ocr_line' id='line_1_23' title="bbox 454 3583 1483 3684; baseline -0.022 -12"><span class='ocrx_word' id='word_1_146' title='bbox 454 3597 581 3673; x_wconf 86' lang='lat' dir='ltr'><strong>AEstus</strong></span> <span class='ocrx_word' id='word_1_147' title='bbox 598 3599 692 3684; x_wconf 78' lang='lat' dir='ltr'><strong>erat3</strong></span> <span class='ocrx_word' id='word_1_148' title='bbox 710 3610 965 3682; x_wconf 84' lang='lat' dir='ltr'><strong>magnumque</strong></span> <span class='ocrx_word' id='word_1_149' title='bbox 976 3583 1082 3656; x_wconf 85' lang='lat' dir='ltr'><strong>labor</strong></span> <span class='ocrx_word' id='word_1_150' title='bbox 1094 3583 1346 3679; x_wconf 86' lang='lat' dir='ltr'><strong>geminaverat</strong></span> <span class='ocrx_word' id='word_1_151' title='bbox 1357 3591 1483 3655; x_wconf 84' lang='lat' dir='ltr'><strong>aestum.</strong></span> 
     </span>
     <span class='ocr_line' id='line_1_24' title="bbox 453 3714 1476 3812; baseline -0.014 -12"><span class='ocrx_word' id='word_1_152' title='bbox 453 3723 614 3804; x_wconf 86' lang='lat' dir='ltr'><strong>Invenio</strong></span> <span class='ocrx_word' id='word_1_153' title='bbox 627 3719 709 3791; x_wconf 88' lang='lat' dir='ltr'><strong>sine</strong></span> <span class='ocrx_word' id='word_1_154' title='bbox 723 3715 866 3790; x_wconf 85' lang='lat' dir='ltr'><strong>vortice</strong></span> <span class='ocrx_word' id='word_1_155' title='bbox 882 3739 1018 3812; x_wconf 85' lang='lat' dir='ltr'><strong>aquas,</strong></span> <span class='ocrx_word' id='word_1_156' title='bbox 1038 3714 1119 3788; x_wconf 86' lang='lat' dir='ltr'><strong>sine</strong></span> <span class='ocrx_word' id='word_1_157' title='bbox 1134 3741 1333 3790; x_wconf 90' lang='lat' dir='ltr'><strong>murmure</strong></span> <span class='ocrx_word' id='word_1_158' title='bbox 1346 3727 1476 3806; x_wconf 75' lang='lat' dir='ltr'><strong>euntes,</strong></span> 
     </span>
     <span class='ocr_line' id='line_1_25' title="bbox 454 3846 1327 3951; baseline -0.013 -20"><span class='ocrx_word' id='word_1_159' title='bbox 454 3855 670 3951; x_wconf 84' lang='lat' dir='ltr'><strong>Perspicuas</strong></span> <span class='ocrx_word' id='word_1_160' title='bbox 686 3850 785 3942; x_wconf 82' lang='lat' dir='ltr'><strong>im03</strong></span> <span class='ocrx_word' id='word_1_161' title='bbox 804 3873 873 3945; x_wconf 91' lang='lat' dir='ltr'><strong>per</strong></span> <span class='ocrx_word' id='word_1_162' title='bbox 890 3872 983 3942; x_wconf 89' lang='lat' dir='ltr'><strong>quas</strong></span> <span class='ocrx_word' id='word_1_163' title='bbox 997 3846 1243 3920; x_wconf 85' lang='lat' dir='ltr'><strong>numerabilis</strong></span> <span class='ocrx_word' id='word_1_164' title='bbox 1255 3848 1327 3920; x_wconf 72' lang='lat' dir='ltr'><strong>alte</strong></span> 
     </span>
    </p>
   </div>
   <div class='ocr_carea' id='block_1_5' title="bbox 400 3977 1370 4096">
    <p class='ocr_par' dir='ltr' id='par_1_6' title="bbox 400 3977 1370 4096">
     <span class='ocr_line' id='line_1_26' title="bbox 400 3977 1370 4096; baseline -0.006 -34"><span class='ocrx_word' id='word_1_165' title='bbox 400 4003 406 4012; x_wconf 83' lang='grc'><strong>’</strong></span> <span class='ocrx_word' id='word_1_166' title='bbox 454 3983 629 4060; x_wconf 80' lang='lat' dir='ltr'><strong>Calculus</strong></span> <span class='ocrx_word' id='word_1_167' title='bbox 643 3979 767 4096; x_wconf 88' lang='lat' dir='ltr'><strong>omnis</strong></span> <span class='ocrx_word' id='word_1_168' title='bbox 781 3980 860 4054; x_wconf 91' lang='lat' dir='ltr'><strong>erat</strong></span> <span class='ocrx_word' id='word_1_169' title='bbox 865 4009 877 4078; x_wconf 77' lang='lat'>5</span> <span class='ocrx_word' id='word_1_170' title='bbox 896 4005 989 4079; x_wconf 83' lang='lat' dir='ltr'><strong>quas</strong></span> <span class='ocrx_word' id='word_1_171' title='bbox 1002 3990 1046 4056; x_wconf 91' lang='lat' dir='ltr'><strong>tu</strong></span> <span class='ocrx_word' id='word_1_172' title='bbox 1058 3978 1129 4058; x_wconf 80' lang='lat' dir='ltr'><strong>vix</strong></span> <span class='ocrx_word' id='word_1_173' title='bbox 1140 3977 1197 4058; x_wconf 85' lang='lat' dir='ltr'><strong>ire</strong></span> <span class='ocrx_word' id='word_1_174' title='bbox 1209 3991 1370 4082; x_wconf 79' lang='lat' dir='ltr'><strong>putares.</strong></span> 
     </span>
    </p>
   </div>
   <div class='ocr_carea' id='block_1_6' title="bbox 0 0 1607 5304">
    <p class='ocr_par' dir='ltr' id='par_1_7' title="bbox 0 0 1607 5304">
     <span class='ocr_line' id='line_1_27' title="bbox 0 0 1607 5304; baseline 0 0"><span class='ocrx_word' id='word_1_175' title='bbox 0 0 1607 5304; x_wconf 95' lang='lat' dir='ltr'><strong> </strong></span> 
     </span>
    </p>
   </div>
  </div>
 </body>
</html>
