<?xml version="1.0" encoding="UTF-8"?>
<!DOCTYPE html PUBLIC "-//W3C//DTD XHTML 1.0 Transitional//EN"
    "http://www.w3.org/TR/xhtml1/DTD/xhtml1-transitional.dtd">
<html xmlns="http://www.w3.org/1999/xhtml" xml:lang="en" lang="en">
 <head>
  <title>
</title>
<meta http-equiv="Content-Type" content="text/html;charset=utf-8" />
  <meta name='ocr-system' content='tesseract 3.04.00' />
  <meta name='ocr-capabilities' content='ocr_page ocr_carea ocr_par ocr_line ocrx_word'/>
</head>
<body>
  <div class='ocr_page' id='page_1' title='image "./lesmtamorphoses02saingoog_0086.png"; bbox 0 0 3214 5300; ppageno 0'>
   <div class='ocr_carea' id='block_1_1' title="bbox 408 630 1342 750">
    <p class='ocr_par' dir='ltr' id='par_1_1' title="bbox 408 630 1342 750">
     <span class='ocr_line' id='line_1_1' title="bbox 408 630 1342 750; baseline -0.004 -16"><span class='ocrx_word' id='word_1_1' title='bbox 408 657 455 734; x_wconf 75' lang='lat'><strong><em>62</em></strong></span> <span class='ocrx_word' id='word_1_2' title='bbox 524 672 611 729; x_wconf 78' lang='lat' dir='ltr'><strong><em>nes</em></strong></span> <span class='ocrx_word' id='word_1_3' title='bbox 639 639 1083 727; x_wconf 66' lang='lat' dir='ltr'><strong><em>naranonraosrs</em></strong></span> <span class='ocrx_word' id='word_1_4' title='bbox 1113 630 1342 750; x_wconf 58' lang='lat' dir='ltr'><strong><em>niovrnr,</em></strong></span> 
     </span>
    </p>
   </div>
   <div class='ocr_carea' id='block_1_2' title="bbox 481 861 1380 1096">
    <p class='ocr_par' dir='ltr' id='par_1_2' title="bbox 481 861 1380 1096">
     <span class='ocr_line' id='line_1_2' title="bbox 481 861 1380 963; baseline 0.003 -21"><span class='ocrx_word' id='word_1_5' title='bbox 481 865 569 943; x_wconf 84' lang='lat' dir='ltr'><strong><em>XV.</em></strong></span> <span class='ocrx_word' id='word_1_6' title='bbox 599 869 728 940; x_wconf 69' lang='lat' dir='ltr'><strong><em>eune</em></strong></span> <span class='ocrx_word' id='word_1_7' title='bbox 747 861 937 940; x_wconf 79' lang='lat' dir='ltr'><strong><em>Medusaei</em></strong></span> <span class='ocrx_word' id='word_1_8' title='bbox 949 867 1149 963; x_wconf 73' lang='lat' dir='ltr'><em>sanguinis</em></span> <span class='ocrx_word' id='word_1_9' title='bbox 1170 878 1324 944; x_wconf 71' lang='lat' dir='ltr'><strong><em>mutetoe</em></strong></span> <span class='ocrx_word' id='word_1_10' title='bbox 1340 874 1380 944; x_wconf 87' lang='lat' dir='ltr'><strong><em>in</em></strong></span> 
     </span>
     <span class='ocr_line' id='line_1_3' title="bbox 829 1008 1030 1096; baseline 0.015 -26"><span class='ocrx_word' id='word_1_11' title='bbox 829 1008 1030 1096; x_wconf 70' lang='lat' dir='ltr'><strong><em>serpentes.</em></strong></span> 
     </span>
    </p>
   </div>
   <div class='ocr_carea' id='block_1_3' title="bbox 456 1191 1315 1274">
    <p class='ocr_par' dir='ltr' id='par_1_3' title="bbox 456 1191 1315 1274">
     <span class='ocr_line' id='line_1_4' title="bbox 456 1191 1315 1274; baseline 0.006 -6"><span class='ocrx_word' id='word_1_12' title='bbox 456 1191 547 1270; x_wconf 73' lang='lat' dir='ltr'><strong><em>San</em></strong></span> <span class='ocrx_word' id='word_1_13' title='bbox 561 1205 689 1269; x_wconf 76' lang='lat' dir='ltr'><strong><em>tamen</em></strong></span> <span class='ocrx_word' id='word_1_14' title='bbox 702 1191 885 1266; x_wconf 89' lang='lat' dir='ltr'><strong><em>ambobus</em></strong></span> <span class='ocrx_word' id='word_1_15' title='bbox 901 1217 1020 1266; x_wconf 75' lang='lat' dir='ltr'><strong><em>versae</em></strong></span> <span class='ocrx_word' id='word_1_16' title='bbox 1036 1194 1166 1268; x_wconf 78' lang='lat' dir='ltr'><strong><em>solatia</em></strong></span> <span class='ocrx_word' id='word_1_17' title='bbox 1181 1195 1315 1274; x_wconf 80' lang='lat' dir='ltr'><strong><em>fonnae</em></strong></span> 
     </span>
    </p>
   </div>
   <div class='ocr_carea' id='block_1_4' title="bbox 292 1322 1318 1423">
    <p class='ocr_par' dir='ltr' id='par_1_4' title="bbox 292 1322 1318 1423">
     <span class='ocr_line' id='line_1_5' title="bbox 292 1322 1318 1423; baseline -0.001 -22"><span class='ocrx_word' id='word_1_18' title='bbox 292 1345 297 1351; x_wconf 85' lang='lat'>&#39;</span> <span class='ocrx_word' id='word_1_19' title='bbox 320 1337 322 1340; x_wconf 81' lang='grc'><strong>’</strong></span> <span class='ocrx_word' id='word_1_20' title='bbox 406 1325 541 1423; x_wconf 86' lang='lat' dir='ltr'><strong><em>Magna</em></strong></span> <span class='ocrx_word' id='word_1_21' title='bbox 553 1351 670 1423; x_wconf 89' lang='lat' dir='ltr'><strong><em>nepos</em></strong></span> <span class='ocrx_word' id='word_1_22' title='bbox 683 1323 807 1398; x_wconf 77' lang='lat' dir='ltr'><strong><em>fuerat</em></strong></span> <span class='ocrx_word' id='word_1_23' title='bbox 823 1351 831 1396; x_wconf 92' lang='lat'>:</span> <span class='ocrx_word' id='word_1_24' title='bbox 847 1348 961 1419; x_wconf 87' lang='lat' dir='ltr'><strong><em>quem</em></strong></span> <span class='ocrx_word' id='word_1_25' title='bbox 976 1322 1159 1396; x_wconf 83' lang='lat' dir='ltr'><strong><em>debellata</em></strong></span> <span class='ocrx_word' id='word_1_26' title='bbox 1175 1325 1318 1400; x_wconf 87' lang='lat' dir='ltr'><strong><em>colebat</em></strong></span> 
     </span>
    </p>
   </div>
   <div class='ocr_carea' id='block_1_5' title="bbox 302 1449 1562 2474">
    <p class='ocr_par' dir='ltr' id='par_1_5' title="bbox 302 1449 1562 2474">
     <span class='ocr_line' id='line_1_6' title="bbox 302 1449 1368 1556; baseline 0.001 -26"><span class='ocrx_word' id='word_1_27' title='bbox 302 1551 307 1556; x_wconf 20' lang='grc' dir='ltr'>ι</span> <span class='ocrx_word' id='word_1_28' title='bbox 407 1455 535 1552; x_wconf 87' lang='lat' dir='ltr'><strong><em>India,</em></strong></span> <span class='ocrx_word' id='word_1_29' title='bbox 555 1479 670 1552; x_wconf 86' lang='lat' dir='ltr'><strong><em>quem</em></strong></span> <span class='ocrx_word' id='word_1_30' title='bbox 686 1451 818 1550; x_wconf 83' lang='lat' dir='ltr'><strong><em>positis</em></strong></span> <span class='ocrx_word' id='word_1_31' title='bbox 831 1449 1038 1524; x_wconf 85' lang='lat' dir='ltr'><strong><em>celebrabat</em></strong></span> <span class='ocrx_word' id='word_1_32' title='bbox 1050 1452 1192 1528; x_wconf 76' lang='lat' dir='ltr'><strong><em>Achaia</em></strong></span> <span class='ocrx_word' id='word_1_33' title='bbox 1207 1455 1368 1553; x_wconf 86' lang='lat' dir='ltr'><strong><em>templis.</em></strong></span> 
     </span>
     <span class='ocr_line' id='line_1_7' title="bbox 405 1583 1328 1689; baseline -0.001 -27"><span class='ocrx_word' id='word_1_34' title='bbox 405 1587 514 1662; x_wconf 89' lang='lat' dir='ltr'><strong><em>Solus</em></strong></span> <span class='ocrx_word' id='word_1_35' title='bbox 527 1584 751 1689; x_wconf 74' lang='lat' dir='ltr'><strong>Abantiades</strong></span> <span class='ocrx_word' id='word_1_36' title='bbox 771 1593 802 1680; x_wconf 91' lang='lat'><strong><em>¹,</em></strong></span> <span class='ocrx_word' id='word_1_37' title='bbox 821 1584 868 1658; x_wconf 85' lang='lat' dir='ltr'><strong><em>ab</em></strong></span> <span class='ocrx_word' id='word_1_38' title='bbox 882 1583 1026 1682; x_wconf 83' lang='lat' dir='ltr'><strong>origine</strong></span> <span class='ocrx_word' id='word_1_39' title='bbox 1042 1597 1166 1659; x_wconf 84' lang='lat' dir='ltr'><strong><em>cretus</em></strong></span> <span class='ocrx_word' id='word_1_40' title='bbox 1181 1586 1328 1684; x_wconf 67' lang='lat' dir='ltr'><strong><em>eadem,</em></strong></span> 
     </span>
     <span class='ocr_line' id='line_1_8' title="bbox 406 1715 1321 1816; baseline 0 -23"><span class='ocrx_word' id='word_1_41' title='bbox 406 1717 575 1794; x_wconf 84' lang='lat' dir='ltr'><strong>Acrisius</strong></span> <span class='ocrx_word' id='word_1_42' title='bbox 584 1728 771 1816; x_wconf 81' lang='lat' dir='ltr'><strong><em>superest,</em></strong></span> <span class='ocrx_word' id='word_1_43' title='bbox 790 1715 859 1814; x_wconf 89' lang='lat' dir='ltr'><strong><em>qui</em></strong></span> <span class='ocrx_word' id='word_1_44' title='bbox 873 1716 1066 1790; x_wconf 87' lang='lat' dir='ltr'><strong><em>moenibus</em></strong></span> <span class='ocrx_word' id='word_1_45' title='bbox 1080 1730 1201 1792; x_wconf 86' lang='lat' dir='ltr'><strong><em>arceat</em></strong></span> <span class='ocrx_word' id='word_1_46' title='bbox 1213 1720 1321 1794; x_wconf 87' lang='lat' dir='ltr'><strong><em>urbis</em></strong></span> 
     </span>
     <span class='ocr_line' id='line_1_9' title="bbox 405 1848 1417 1956; baseline 0.004 -32"><span class='ocrx_word' id='word_1_47' title='bbox 405 1849 603 1956; x_wconf 62' lang='lat' dir='ltr'><strong><em>Argolica,</em></strong></span> <span class='ocrx_word' id='word_1_48' title='bbox 620 1859 826 1946; x_wconf 69' lang='lat' dir='ltr'><strong><em>eoniraque</em></strong></span> <span class='ocrx_word' id='word_1_49' title='bbox 839 1850 966 1923; x_wconf 89' lang='lat' dir='ltr'><strong><em>Deum</em></strong></span> <span class='ocrx_word' id='word_1_50' title='bbox 978 1848 1072 1924; x_wconf 86' lang='lat' dir='ltr'><strong><em>ferat</em></strong></span> <span class='ocrx_word' id='word_1_51' title='bbox 1087 1877 1209 1947; x_wconf 84' lang='lat' dir='ltr'><strong><em>arma3</em></strong></span> <span class='ocrx_word' id='word_1_52' title='bbox 1225 1877 1417 1950; x_wconf 87' lang='lat' dir='ltr'><strong><em>genusque</em></strong></span> 
     </span>
     <span class='ocr_line' id='line_1_10' title="bbox 404 1981 1562 2096; baseline 0.003 -41"><span class='ocrx_word' id='word_1_53' title='bbox 404 1981 488 2056; x_wconf 89' lang='lat' dir='ltr'><strong><em>Non</em></strong></span> <span class='ocrx_word' id='word_1_54' title='bbox 503 1991 612 2078; x_wconf 85' lang='lat' dir='ltr'><strong><em>putet</em></strong></span> <span class='ocrx_word' id='word_1_55' title='bbox 623 2007 701 2054; x_wconf 89' lang='lat' dir='ltr'><strong><em>esse</em></strong></span> <span class='ocrx_word' id='word_1_56' title='bbox 716 1981 738 2054; x_wconf 87' lang='lat' dir='ltr'><strong>J</strong></span> <span class='ocrx_word' id='word_1_57' title='bbox 739 1981 821 2054; x_wconf 83' lang='lat' dir='ltr'><strong><em>ovis</em></strong></span> <span class='ocrx_word' id='word_1_58' title='bbox 834 2007 841 2053; x_wconf 92' lang='lat'><strong>:</strong></span> <span class='ocrx_word' id='word_1_59' title='bbox 857 2005 982 2077; x_wconf 89' lang='lat' dir='ltr'><strong><em>neque</em></strong></span> <span class='ocrx_word' id='word_1_60' title='bbox 996 1981 1099 2055; x_wconf 86' lang='lat' dir='ltr'><strong><em>enirn</em></strong></span> <span class='ocrx_word' id='word_1_61' title='bbox 1113 1982 1135 2055; x_wconf 87' lang='lat' dir='ltr'><strong>J</strong></span> <span class='ocrx_word' id='word_1_62' title='bbox 1136 1982 1218 2056; x_wconf 88' lang='lat' dir='ltr'><strong><em>ovis</em></strong></span> <span class='ocrx_word' id='word_1_63' title='bbox 1231 2007 1308 2056; x_wconf 89' lang='lat' dir='ltr'><strong><em>esse</em></strong></span> <span class='ocrx_word' id='word_1_64' title='bbox 1319 1985 1479 2096; x_wconf 77' lang='lat' dir='ltr'><strong><em>pptabat</em></strong></span> <span class='ocrx_word' id='word_1_65' title='bbox 1558 2085 1562 2092; x_wconf 10' lang='grc' dir='ltr'><strong>ἁ</strong></span> 
     </span>
     <span class='ocr_line' id='line_1_11' title="bbox 405 2109 1332 2210; baseline 0.002 -24"><span class='ocrx_word' id='word_1_66' title='bbox 405 2113 554 2207; x_wconf 82' lang='lat' dir='ltr'><strong><em>Persea,</em></strong></span> <span class='ocrx_word' id='word_1_67' title='bbox 573 2137 688 2208; x_wconf 90' lang='lat' dir='ltr'><strong><em>quem</em></strong></span> <span class='ocrx_word' id='word_1_68' title='bbox 704 2109 840 2207; x_wconf 87' lang='lat' dir='ltr'><strong><em>pluvio</em></strong></span> <span class='ocrx_word' id='word_1_69' title='bbox 852 2111 981 2184; x_wconf 81' lang='lat' dir='ltr'><strong><em>Danae&#39;</em></strong></span> <span class='ocrx_word' id='word_1_70' title='bbox 994 2125 1214 2210; x_wconf 85' lang='lat' dir='ltr'><strong><em>conceperat</em></strong></span> <span class='ocrx_word' id='word_1_71' title='bbox 1224 2141 1332 2189; x_wconf 86' lang='lat' dir='ltr'><strong><em>auro.</em></strong></span> 
     </span>
     <span class='ocr_line' id='line_1_12' title="bbox 404 2240 1387 2337; baseline -0.001 -19"><span class='ocrx_word' id='word_1_72' title='bbox 404 2242 497 2330; x_wconf 83' lang='lat' dir='ltr'><strong><em>Mox</em></strong></span> <span class='ocrx_word' id='word_1_73' title='bbox 511 2254 638 2316; x_wconf 80' lang='lat' dir='ltr'><strong><em>tamen</em></strong></span> <span class='ocrx_word' id='word_1_74' title='bbox 650 2240 862 2336; x_wconf 70' lang='lat' dir='ltr'><strong><em>Acrisium,</em></strong></span> <span class='ocrx_word' id='word_1_75' title='bbox 877 2249 982 2312; x_wconf 78' lang='lat' dir='ltr'><strong><em>tanta</em></strong></span> <span class='ocrx_word' id='word_1_76' title='bbox 998 2251 1054 2312; x_wconf 89' lang='lat' dir='ltr'><strong><em>est</em></strong></span> <span class='ocrx_word' id='word_1_77' title='bbox 1068 2241 1266 2337; x_wconf 72' lang='lat' dir='ltr'><strong><em>praesentia</em></strong></span> <span class='ocrx_word' id='word_1_78' title='bbox 1281 2245 1387 2318; x_wconf 83' lang='lat' dir='ltr'><strong><em>veri!</em></strong></span> 
     </span>
     <span class='ocr_line' id='line_1_13' title="bbox 401 2372 1424 2474; baseline -0.001 -25"><span class='ocrx_word' id='word_1_79' title='bbox 401 2375 496 2450; x_wconf 85' lang='lat' dir='ltr'><strong><em>Tam</em></strong></span> <span class='ocrx_word' id='word_1_80' title='bbox 509 2374 667 2448; x_wconf 80' lang='lat' dir='ltr'><strong><em>violasse</em></strong></span> <span class='ocrx_word' id='word_1_81' title='bbox 679 2374 824 2470; x_wconf 88' lang='lat' dir='ltr'><strong><em>Deum,</em></strong></span> <span class='ocrx_word' id='word_1_82' title='bbox 843 2398 959 2469; x_wconf 89' lang='lat' dir='ltr'><strong><em>quam</em></strong></span> <span class='ocrx_word' id='word_1_83' title='bbox 973 2398 1053 2446; x_wconf 93' lang='lat' dir='ltr'><strong><em>non</em></strong></span> <span class='ocrx_word' id='word_1_84' title='bbox 1065 2372 1216 2472; x_wconf 68' lang='lat' dir='ltr'><strong><em>agnosse</em></strong></span> <span class='ocrx_word' id='word_1_85' title='bbox 1225 2386 1424 2474; x_wconf 84' lang='lat' dir='ltr'><strong><em>nepotem,</em></strong></span> 
     </span>
    </p>
   </div>
   <div class='ocr_carea' id='block_1_6' title="bbox 402 2505 1363 2731">
    <p class='ocr_par' dir='ltr' id='par_1_6' title="bbox 402 2505 1363 2731">
     <span class='ocr_line' id='line_1_14' title="bbox 403 2505 1363 2601; baseline 0.003 -23"><span class='ocrx_word' id='word_1_86' title='bbox 403 2505 568 2579; x_wconf 81' lang='lat' dir='ltr'><strong><em>Poenitet</em></strong></span> <span class='ocrx_word' id='word_1_87' title='bbox 585 2505 806 2601; x_wconf 87' lang='lat' dir='ltr'><strong><em>:impositus</em></strong></span> <span class='ocrx_word' id='word_1_88' title='bbox 818 2506 894 2598; x_wconf 85' lang='lat' dir='ltr'><strong><em>jam</em></strong></span> <span class='ocrx_word' id='word_1_89' title='bbox 907 2505 1002 2580; x_wconf 88' lang='lat' dir='ltr'><strong><em>coelo</em></strong></span> <span class='ocrx_word' id='word_1_90' title='bbox 1017 2516 1072 2578; x_wconf 85' lang='lat' dir='ltr'><strong><em>est</em></strong></span> <span class='ocrx_word' id='word_1_91' title='bbox 1084 2505 1178 2578; x_wconf 83' lang='lat' dir='ltr'><strong><em>alter</em></strong></span> <span class='ocrx_word' id='word_1_92' title='bbox 1197 2534 1204 2579; x_wconf 94' lang='lat'><strong>:</strong></span> <span class='ocrx_word' id='word_1_93' title='bbox 1221 2516 1258 2577; x_wconf 83' lang='lat' dir='ltr'><strong><em>at</em></strong></span> <span class='ocrx_word' id='word_1_94' title='bbox 1270 2506 1363 2582; x_wconf 82' lang='lat' dir='ltr'><strong><em>alter</em></strong></span> 
     </span>
     <span class='ocr_line' id='line_1_15' title="bbox 402 2631 1351 2731; baseline 0.005 -24"><span class='ocrx_word' id='word_1_95' title='bbox 402 2631 555 2731; x_wconf 87' lang='lat' dir='ltr'><strong><em>Viperei</em></strong></span> <span class='ocrx_word' id='word_1_96' title='bbox 570 2632 735 2706; x_wconf 86' lang='lat' dir='ltr'><strong><em>referens</em></strong></span> <span class='ocrx_word' id='word_1_97' title='bbox 749 2632 914 2730; x_wconf 86' lang='lat' dir='ltr'><strong><em>spolium</em></strong></span> <span class='ocrx_word' id='word_1_98' title='bbox 931 2633 1177 2708; x_wconf 81' lang='lat' dir='ltr'><strong><em>memorabile</em></strong></span> <span class='ocrx_word' id='word_1_99' title='bbox 1189 2635 1351 2713; x_wconf 80' lang='lat' dir='ltr'><strong><em>monstri</em></strong></span> 
     </span>
    </p>
   </div>
   <div class='ocr_carea' id='block_1_7' title="bbox 399 2761 1401 3396">
    <p class='ocr_par' dir='ltr' id='par_1_7' title="bbox 399 2761 1401 3396">
     <span class='ocr_line' id='line_1_16' title="bbox 402 2761 1232 2862; baseline 0 -21"><span class='ocrx_word' id='word_1_100' title='bbox 402 2768 499 2842; x_wconf 86' lang='lat' dir='ltr'><strong><em>Aera</em></strong></span> <span class='ocrx_word' id='word_1_101' title='bbox 514 2767 687 2862; x_wconf 77' lang='lat' dir='ltr'><strong><em>carpebat</em></strong></span> <span class='ocrx_word' id='word_1_102' title='bbox 702 2775 877 2839; x_wconf 81' lang='lat' dir='ltr'><strong><em>tenerum</em></strong></span> <span class='ocrx_word' id='word_1_103' title='bbox 891 2761 1140 2840; x_wconf 66' lang='lat' dir='ltr'><strong><em>stridentibus</em></strong></span> <span class='ocrx_word' id='word_1_104' title='bbox 1152 2766 1232 2841; x_wconf 76' lang='lat' dir='ltr'><strong>alis.</strong></span> 
     </span>
     <span class='ocr_line' id='line_1_17' title="bbox 401 2897 1369 2998; baseline 0.002 -25"><span class='ocrx_word' id='word_1_105' title='bbox 401 2900 574 2994; x_wconf 71' lang='lat' dir='ltr'><strong><em>Cirmqne</em></strong></span> <span class='ocrx_word' id='word_1_106' title='bbox 588 2921 701 2993; x_wconf 87' lang='lat' dir='ltr'><strong><em>super</em></strong></span> <span class='ocrx_word' id='word_1_107' title='bbox 716 2897 875 2995; x_wconf 89' lang='lat' dir='ltr'><strong><em>Libycas</em></strong></span> <span class='ocrx_word' id='word_1_108' title='bbox 889 2899 1011 2973; x_wconf 82' lang='lat' dir='ltr'><strong><em>victor</em></strong></span> <span class='ocrx_word' id='word_1_109' title='bbox 1027 2900 1208 2998; x_wconf 87' lang='lat' dir='ltr'><strong><em>penderet</em></strong></span> <span class='ocrx_word' id='word_1_110' title='bbox 1221 2925 1369 2998; x_wconf 85' lang='lat' dir='ltr'><strong><em>arenas,</em></strong></span> 
     </span>
     <span class='ocr_line' id='line_1_18' title="bbox 401 3028 1249 3130; baseline 0.006 -28"><span class='ocrx_word' id='word_1_111' title='bbox 401 3028 586 3126; x_wconf 84' lang='lat' dir='ltr'><strong><em>Gorgonei</em></strong></span> <span class='ocrx_word' id='word_1_112' title='bbox 603 3028 734 3126; x_wconf 80' lang='lat' dir='ltr'><strong><em>capitis</em></strong></span> <span class='ocrx_word' id='word_1_113' title='bbox 750 3043 865 3128; x_wconf 82' lang='lat' dir='ltr'>guttae</span> <span class='ocrx_word' id='word_1_114' title='bbox 881 3033 1047 3106; x_wconf 69' lang='lat' dir='ltr'><strong><em>cecidere</em></strong></span> <span class='ocrx_word' id='word_1_115' title='bbox 1061 3046 1249 3130; x_wconf 83' lang='lat' dir='ltr'><strong><em>cruentae3</em></strong></span> 
     </span>
     <span class='ocr_line' id='line_1_19' title="bbox 400 3159 1401 3260; baseline 0.006 -28"><span class='ocrx_word' id='word_1_116' title='bbox 400 3159 660 3256; x_wconf 79' lang='lat' dir='ltr'><strong><em>Quashumus</em></strong></span> <span class='ocrx_word' id='word_1_117' title='bbox 673 3173 844 3258; x_wconf 76' lang='lat' dir='ltr'><strong><em>exceptas</em></strong></span> <span class='ocrx_word' id='word_1_118' title='bbox 857 3163 982 3237; x_wconf 84' lang='lat' dir='ltr'><strong><em>varios</em></strong></span> <span class='ocrx_word' id='word_1_119' title='bbox 997 3163 1183 3237; x_wconf 82' lang='lat' dir='ltr'><strong><em>animavit</em></strong></span> <span class='ocrx_word' id='word_1_120' title='bbox 1194 3164 1236 3235; x_wconf 90' lang='lat' dir='ltr'><strong><em>in</em></strong></span> <span class='ocrx_word' id='word_1_121' title='bbox 1252 3187 1401 3260; x_wconf 82' lang='lat' dir='ltr'><strong><em>angues.</em></strong></span> 
     </span>
     <span class='ocr_line' id='line_1_20' title="bbox 399 3292 1391 3396; baseline 0.008 -30"><span class='ocrx_word' id='word_1_122' title='bbox 399 3292 509 3367; x_wconf 88' lang='lat' dir='ltr'><strong><em>Unde</em></strong></span> <span class='ocrx_word' id='word_1_123' title='bbox 525 3295 703 3392; x_wconf 76' lang='lat' dir='ltr'><strong><em>frequens</em></strong></span> <span class='ocrx_word' id='word_1_124' title='bbox 716 3295 781 3369; x_wconf 83' lang='lat' dir='ltr'><strong><em>illa</em></strong></span> <span class='ocrx_word' id='word_1_125' title='bbox 795 3308 869 3394; x_wconf 84' lang='lat' dir='ltr'><strong><em>est,</em></strong></span> <span class='ocrx_word' id='word_1_126' title='bbox 880 3297 1090 3396; x_wconf 82' lang='lat' dir='ltr'><strong><em>infestaque</em></strong></span> <span class='ocrx_word' id='word_1_127' title='bbox 1103 3310 1204 3374; x_wconf 79' lang='lat' dir='ltr'><strong><em>terra</em></strong></span> <span class='ocrx_word' id='word_1_128' title='bbox 1216 3298 1391 3374; x_wconf 83' lang='lat' dir='ltr'><strong><em>colubris.</em></strong></span> 
     </span>
    </p>
   </div>
   <div class='ocr_carea' id='block_1_8' title="bbox 663 3505 1174 3586">
    <p class='ocr_par' dir='ltr' id='par_1_8' title="bbox 663 3505 1174 3586">
     <span class='ocr_line' id='line_1_21' title="bbox 663 3505 1174 3586; baseline 0.014 -7"><span class='ocrx_word' id='word_1_129' title='bbox 663 3505 780 3580; x_wconf 87' lang='lat' dir='ltr'><strong>XVI.</strong></span> <span class='ocrx_word' id='word_1_130' title='bbox 807 3511 925 3584; x_wconf 82' lang='lat' dir='ltr'><strong><em>Atlas</em></strong></span> <span class='ocrx_word' id='word_1_131' title='bbox 944 3515 984 3584; x_wconf 84' lang='lat' dir='ltr'><strong><em>in</em></strong></span> <span class='ocrx_word' id='word_1_132' title='bbox 1002 3525 1174 3586; x_wconf 78' lang='lat' dir='ltr'><strong><em>montem.</em></strong></span> 
     </span>
    </p>
   </div>
   <div class='ocr_carea' id='block_1_9' title="bbox 396 3699 1440 3932">
    <p class='ocr_par' dir='ltr' id='par_1_9' title="bbox 396 3699 1440 3932">
     <span class='ocr_line' id='line_1_22' title="bbox 447 3699 1440 3804; baseline 0.007 -32"><span class='ocrx_word' id='word_1_133' title='bbox 447 3699 582 3792; x_wconf 73' lang='lat' dir='ltr'><strong><em>Inna,</em></strong></span> <span class='ocrx_word' id='word_1_134' title='bbox 602 3724 670 3795; x_wconf 88' lang='lat' dir='ltr'><strong><em>per</em></strong></span> <span class='ocrx_word' id='word_1_135' title='bbox 686 3701 917 3776; x_wconf 89' lang='lat' dir='ltr'><strong><em>immensum</em></strong></span> <span class='ocrx_word' id='word_1_136' title='bbox 932 3705 1057 3780; x_wconf 74' lang='lat' dir='ltr'><strong><em>ventis</em></strong></span> <span class='ocrx_word' id='word_1_137' title='bbox 1066 3704 1303 3782; x_wconf 70' lang='lat' dir='ltr'><strong><em>discordibus</em></strong></span> <span class='ocrx_word' id='word_1_138' title='bbox 1316 3719 1440 3804; x_wconf 83' lang='lat' dir='ltr'><strong><em>actus,</em></strong></span> 
     </span>
     <span class='ocr_line' id='line_1_23' title="bbox 396 3826 1360 3932; baseline 0.006 -30"><span class='ocrx_word' id='word_1_139' title='bbox 396 3827 509 3902; x_wconf 91' lang='lat' dir='ltr'><strong><em>Nunc</em></strong></span> <span class='ocrx_word' id='word_1_140' title='bbox 520 3826 615 3924; x_wconf 88' lang='lat' dir='ltr'><strong><em>huc,</em></strong></span> <span class='ocrx_word' id='word_1_141' title='bbox 631 3855 735 3904; x_wconf 89' lang='lat' dir='ltr'><strong><em>nunc</em></strong></span> <span class='ocrx_word' id='word_1_142' title='bbox 749 3830 859 3928; x_wconf 87' lang='lat' dir='ltr'>illuc,</span> <span class='ocrx_word' id='word_1_143' title='bbox 876 3835 1050 3931; x_wconf 80' lang='lat' dir='ltr'><strong><em>exemplo</em></strong></span> <span class='ocrx_word' id='word_1_144' title='bbox 1065 3835 1179 3908; x_wconf 83' lang='lat' dir='ltr'><strong><em>nubis</em></strong></span> <span class='ocrx_word' id='word_1_145' title='bbox 1193 3860 1360 3932; x_wconf 69' lang='lat' dir='ltr'><strong><em>aquosos,</em></strong></span> 
     </span>
    </p>
   </div>
   <div class='ocr_carea' id='block_1_10' title="bbox 396 4006 1433 4181">
    <p class='ocr_par' dir='ltr' id='par_1_10' title="bbox 396 4006 1433 4181">
     <span class='ocr_line' id='line_1_24' title="bbox 440 4006 1433 4092; baseline 0.008 -29"><span class='ocrx_word' id='word_1_146' title='bbox 440 4012 448 4040; x_wconf 93' lang='lat'><strong>¹</strong></span> <span class='ocrx_word' id='word_1_147' title='bbox 471 4006 590 4072; x_wconf 73' lang='lat' dir='ltr'><strong><em>Amice,</em></strong></span> <span class='ocrx_word' id='word_1_148' title='bbox 609 4008 655 4066; x_wconf 84' lang='lat' dir='ltr'><strong><em>roi</em></strong></span> <span class='ocrx_word' id='word_1_149' title='bbox 670 4007 818 4086; x_wconf 75' lang='lat' dir='ltr'><strong><em>d&#39;Argos,</em></strong></span> <span class='ocrx_word' id='word_1_150' title='bbox 836 4011 882 4070; x_wconf 80' lang='lat' dir='ltr'><strong><em>fils</em></strong></span> <span class='ocrx_word' id='word_1_151' title='bbox 896 4013 1025 4085; x_wconf 80' lang='lat' dir='ltr'><strong><em>d&#39;Abas,</em></strong></span> <span class='ocrx_word' id='word_1_152' title='bbox 1041 4016 1122 4073; x_wconf 78' lang='lat' dir='ltr'><strong><em>erait</em></strong></span> <span class='ocrx_word' id='word_1_153' title='bbox 1133 4034 1214 4092; x_wconf 83' lang='lat' dir='ltr'><strong><em>pour</em></strong></span> <span class='ocrx_word' id='word_1_154' title='bbox 1230 4016 1308 4072; x_wconf 76' lang='lat' dir='ltr'>sicul</span> <span class='ocrx_word' id='word_1_155' title='bbox 1324 4015 1433 4084; x_wconf 70' lang='grc' dir='ltr'><strong><em>Βέιιιε,</em></strong></span> 
     </span>
     <span class='ocr_line' id='line_1_25' title="bbox 396 4103 632 4181; baseline -0.004 -17"><span class='ocrx_word' id='word_1_156' title='bbox 396 4103 442 4164; x_wconf 75' lang='lat' dir='ltr'><strong><em>fils</em></strong></span> <span class='ocrx_word' id='word_1_157' title='bbox 451 4105 492 4162; x_wconf 86' lang='lat' dir='ltr'><strong><em>-de</em></strong></span> <span class='ocrx_word' id='word_1_158' title='bbox 503 4105 632 4181; x_wconf 74' lang='lat' dir='ltr'><strong><em>Jupiter.</em></strong></span> 
     </span>
    </p>
   </div>
   <div class='ocr_carea' id='block_1_11' title="bbox 0 0 1610 5300">
    <p class='ocr_par' dir='ltr' id='par_1_11' title="bbox 0 0 1610 5300">
     <span class='ocr_line' id='line_1_26' title="bbox 0 0 1610 5300; baseline 0 4"><span class='ocrx_word' id='word_1_159' title='bbox 0 0 1610 5300; x_wconf 95' lang='lat' dir='ltr'><strong><em> </em></strong></span> 
     </span>
    </p>
   </div>
  </div>
 </body>
</html>
