3210 5324
438 545 510 622 244
548 561 635 619 res
663 533 1113 616 uirsuournoses
1141 555 1374 635 morsus,

433 710 510 786 Nec
523 709 727 807 quicquam
735 766 746 805 ,
757 706 832 780 nisi
839 705 983 780 vulnus
991 715 1071 778 erat
1082 706 1358 806 :cruorundiq;
1367 717 1513 782 manat:

434 843 654 941 Detectique
666 850 794 940 patent
807 837 938 932 nervi,
953 835 1187 935 trepidaeque
1199 838 1282 912 sine
1295 837 1374 912 ulls
1461 931 1466 940 Ι

431 974 533 1050 Pelle
545 973 686 1047 micant
699 995 819 1046 venre.
843 966 1023 1041 salientis
1035 965 1180 1040 viscere
1191 967 1329 1065 possis,

430 1103 479 1176 Et
492 1102 726 1200 perlucentes
740 1121 942 1173 numerare
954 1097 998 1168 in
1011 1105 1163 1192 pectore
1176 1096 1303 1174 fibras.

430 1231 547 1308 Illum
559 1231 755 1327 ruricolae,
774 1229 958 1302 silvarum
969 1227 1153 1324 numina,
1170 1229 1309 1326 Fauni,

428 1365 478 1440 Et
490 1363 614 1463 Satyri
621 1360 772 1456 fratres,
789 1371 826 1434 et
837 1359 1222 1456 mncquoqueclams
1229 1359 1440 1457 Olympus,

428 1491 478 1569 Et
489 1490 678 1594 Nymphae
691 1491 834 1566 flerunt
850 1518 858 1564 :
874 1501 911 1564 et
922 1488 1096 1587 quisquis
1111 1491 1305 1566 montibus
1318 1489 1397 1567 illis

428 1621 706 1720 Lanigerosque
719 1641 863 1714 greges,
878 1625 1124 1712 armentaque
1139 1615 1276 1688 bucera
1288 1614 1409 1712 pavit.

429 1750 578 1828 Fertilis
591 1744 813 1843 immaduit,
832 1742 1111 1839 madefactaque
1124 1753 1225 1816 terra
1237 1740 1393 1816 caducus

429 1880 611 1978 Concepit
625 1878 829 1974 lacrymas,
847 1898 890 1946 ec
903 1872 1012 1946 venis
1025 1870 1192 1968 perbibit
1204 1869 1305 1945 imis.
1338 1936 1347 1948 .

431 2009 536 2100 Quas
551 2007 621 2082 ubi
633 2004 722 2079 fecit
735 2027 891 2100 aquam,
910 2025 1047 2076 vacuas
1062 1999 1188 2074 emisit
1201 2001 1244 2074 in
1260 2025 1383 2075 auras.

431 2136 527 2216 lude
539 2146 669 2235 petens
681 2131 860 2230 rapidum
876 2129 971 2228 ripis
984 2129 1194 2204 declivibus
1212 2155 1343 2230 sequor

430 2270 597 2370 Marsya,
613 2289 754 2342 nomen
766 2262 881 2337 habet
888 2321 900 2361 ,
916 2262 1089 2360 Phrygius
1103 2261 1380 2361 liquidissimus
1393 2269 1531 2342 amnis.

603 2461 699 2536 ΧΠ.
731 2461 933 2534 Eburneus
946 2459 1101 2558 Pelopis
1118 2461 1308 2534 humenis.

482 2655 686 2732 Tumens
700 2653 889 2752 extemplo
902 2649 1003 2727 redit
1014 2651 1061 2728 ad
1072 2655 1271 2750 presentia
1283 2653 1395 2730 dictis

435 2787 598 2888 vulgus3
617 2797 656 2861 et
668 2787 899 2862 exstinctum
912 2777 1127 2885 cumstirpe
1139 2785 1511 2888 Amphionalugent.

435 2922 556 2999 Mater
568 2919 611 2994 in
623 2917 772 2994 invidit
784 2929 839 2992 est
850 2929 995 2994 :tamen
1008 2915 1108 2992 hanc
1122 2915 1425 3015 quoquedicitur
1430 2947 1538 2994 unus

435 3053 558 3130 Flesse
568 3052 701 3150 Pelops
711 3052 979 3148 :humeroque,
989 3076 1073 3124 sues
1087 3048 1134 3122 ad
1142 3059 1382 3149 pectorepost
1390 3053 1514 3150 quaint

327 3175 329 3182 ’
434 3182 609 3268 Deduxit
619 3195 756 3280 vestes,
776 3184 871 3257 ebur
884 3179 1089 3280 ostendisse
1102 3179 1267 3259 sinistro.

438 3312 623 3391 Concolor
634 3310 699 3385 hic
711 3309 915 3407 humerus,
930 3308 1109 3386 nascendi
1121 3321 1309 3409 tempore,
1326 3308 1486 3414 dextro,

440 3443 725 3541 corporeusque
738 3441 814 3517 fuit
830 3472 839 3517 :
854 3443 1029 3516 manibus
1042 3465 1134 3516 mox
1150 3467 1243 3516 caesa
1255 3442 1421 3539 paternis

441 3571 612 3656 Membra
624 3569 754 3646 ferunt
764 3571 938 3668 junxisse
947 3567 1064 3670 Deos,
1080 3569 1239 3671 aliisque
1251 3573 1429 3671 repertis,

443 3704 522 3793 Qui
536 3703 640 3778 locus
653 3717 709 3779 est
721 3705 844 3803 juguli
857 3703 1006 3781 medius
1019 3705 1236 3805 summique
1248 3705 1396 3804 lacerti,

443 3831 576 3913 Defuit
592 3863 600 3908 :
616 3834 836 3933 impositum
850 3846 923 3932 est,
943 3861 1022 3910 non
1036 3836 1284 3934 comparentis
1296 3835 1340 3910 in
1356 3863 1470 3922 usum

444 3959 583 4064 Partis,
600 3963 697 4048 ebur
712 3994 720 4044 :
734 3965 907 4074 fenoque
919 3964 1053 4066 Pelops
1067 3966 1143 4048 fuit
1155 3961 1298 4070 integer
1309 3967 1388 4044 illo.
