3218 5342
209 837 216 875 l

440 558 531 630 5:20·
560 569 645 628 ees
673 541 1109 624 uhrtnoneuoses
1138 565 1355 647 o’ovms,

468 802 539 874 XI.
567 800 776 900 Imploroto
794 796 962 870 obtinent
978 797 1029 870 nb
1051 799 1172 872 AEoeo
1192 797 1425 874 Athenienses

877 927 1040 1000 auxilia.

485 1158 675 1231 Census
692 1155 737 1228 ab
751 1149 932 1251 (Enopiis
945 1155 1156 1228 etiamnum
1170 1154 1299 1254 Lyctia
1314 1163 1321 1192 ¹
1339 1152 1444 1230 mmis

437 1289 602 1388 Spectari
617 1298 781 1386 poterat3
800 1282 888 1358 cism
905 1281 1018 1384 pleno
1032 1285 1178 1358 concita
1189 1285 1275 1359 velo

436 1421 560 1520 Attica
573 1419 713 1517 puppis
726 1417 847 1512 adest,
866 1416 909 1490 in
925 1431 1134 1516 portusque
1146 1419 1264 1492 intrat
1277 1419 1431 1513 amicosp

435 1553 532 1640 Quse
549 1548 778 1647 Cephalum,
793 1545 1129 1644 patriaequesimul
1147 1545 1322 1630 mandata
1335 1547 1465 1623 ferebat.

436 1678 599 1756 AEacidae
616 1677 728 1774 longo
744 1677 903 1773 juvenes
920 1688 1004 1774 post
1019 1688 1188 1774 tempore
1201 1678 1329 1752 visum

436 1813 633 1912 Agnovere
646 1823 774 1884 tamen
786 1807 1016 1908 Cephalum,
1032 1807 1259 1908 dextmsque
1272 1806 1416 1886 dedere:

434 1945 559 2042 Inque
571 1943 687 2042 patris
700 1941 846 2015 duxere
858 1939 1030 2017 domum.
1050 1943 1267 2042 Spectabilis
1279 1944 1403 2036 heros,

437 2075 485 2148 Et
500 2071 638 2148 veteris
655 2071 823 2181 retinens
841 2071 1052 2144 etiamnum
1067 2072 1224 2172 pignora
1241 2073 1368 2148 sormae
1377 2129 1387 2169 ,
1408 2155 1412 2162 ,

434 2201 653 2301 Ingreditur
670 2225 920 2298 :remumque
937 2214 1069 2276 tenens
1081 2202 1276 2302 popularis
1290 2183 1393 2277 oliui
1406 2205 1434 2298 ¹,

437 2334 472 2410 A
485 2333 618 2408 dextre
630 2331 800 2428 laevique
814 2329 910 2405 duos
924 2343 1031 2406 aetate
1044 2329 1208 2406 minores

437 2463 558 2558 Major
571 2462 701 2558 habet,
719 2461 857 2560 Clyton
870 2473 908 2534 et
920 2463 1063 2558 Buten,
1079 2451 1246 2536 Pallante
1259 2471 1404 2536 creatos.

487 2581 575 2664 Post
588 2590 705 2687 quim
717 2615 935 2688 congressus
949 2590 1065 2688 primi
1078 2619 1145 2665 sua
1158 2593 1276 2666 verba
1288 2583 1448 2666 tulerunt
1452 2615 1461 2682 3

439 2722 689 2822 Cecropidum
704 2720 890 2821 Cephalus
904 2723 1047 2822 peragit
1060 2701 1256 2821 mundata,
1273 2733 1436 2822 rogatque

439 2855 642 2934 Auxilium
659 2871 668 2928 'z
684 2847 886 2952 foedusque
899 2855 1015 2930 refert
1031 2855 1068 2930 et
1082 2859 1168 2953 jura
1183 2857 1384 2956 parentum
1399 2882 1407 2928 ε

439 2985 726 3082 Imperiumque
737 2985 816 3083 peti
830 2985 947 3058 totius
961 2985 1148 3060 Achaidos
1162 2987 1281 3064 addit.

441 3115 502 3190 Sic
513 3116 583 3189 ubi
598 3114 813 3190 mandatam
826 3114 929 3210 juvit
944 3113 1120 3190 facundia
1134 3145 1284 3206 causum
1292 3150 1303 3215 3

438 3251 595 3347 AEncus,
613 3252 658 3323 in
670 3249 803 3347 capulo
820 3249 957 3345 sceptri
969 3249 1115 3322 nitente
1131 3247 1284 3322 sinistri
1293 3279 1304 3345 3
1340 3333 1343 3340 .
1407 3243 1414 3249 ’

491 3381 546 3454 Ne
559 3378 674 3478 petite
687 3377 896 3480 auxilium,
916 3377 981 3452 sed
995 3377 1154 3478 sumite,
1174 3379 1293 3478 dixit,
1313 3375 1468 3470 Athene.

445 3506 646 3590 Necdubie
659 3510 760 3587 vires
769 3569 781 3609 ,
796 3495 891 3608 quas
901 3510 984 3586 hoec
995 3509 1110 3587 habet
1125 3511 1269 3610 insula,
1289 3521 1422 3586 ves'tms

490 3709 501 3740 ¹
522 3709 626 3782 lyctia
633 3747 644 3778 ,
656 3711 730 3778 sive,
747 3707 900 3777 Cretensis,
914 3729 934 3766 o
946 3711 1038 3784 Lycto
1054 3697 1146 3768 Cretoe
1158 3713 1228 3768 urbe
1239 3707 1444 3790 cognominata·

491 3805 506 3836 ⁸
527 3805 684 3880 Popularis
702 3804 814 3884 signifie
831 3825 890 3880 que
908 3805 1050 3877 l'olivier,
1065 3809 1146 3884 signe
1158 3803 1195 3864 de
1207 3809 1295 3883 psix,
1311 3818 1339 3863 et
1353 3800 1473 3882 particu-

446 3903 602 3961 lilrement
617 3907 756 3962 consuere
774 3904 958 3976 iMinerve,
974 3905 1149 3988 protectrice
1166 3902 1346 3974 d’Athimes‚
1360 3895 1425 3961 nait
1439 3909 1473 3953 un

450 3999 538 4057 ubre
548 3999 683 4080 indigene
695 4001 769 4062 dans
781 3999 935 4077 l'httique.
