3214 5300
429 463 474 542 18
544 477 630 535 nus
660 447 1102 531 niranoaruosns
1133 469 1358 552 u2ov1na,

423 627 537 726 Signa
547 637 636 698 tene
649 618 761 695 caedis
780 647 788 692 :
807 616 1029 716 pullosque,
1048 629 1086 688 et
1098 616 1265 692 luctibus
1281 631 1386 716 aptos
1402 625 1434 718 ¹,

421 762 579 859 Semper
593 758 693 833 habe
706 753 839 850 foetus,
856 748 998 849 gemini
1011 762 1263 824 monumenta
1275 749 1450 826 cruoris:

470 893 600 989 Dixit,
617 900 811 988 et,aptato
827 897 959 984 pectus
973 909 1158 974 mucrone
1172 886 1244 958 sub
1258 885 1403 984 imum,

418 1023 604 1102 Incubuit
618 1019 738 1116 ferro,
759 1015 861 1115 quod
876 1011 1004 1088 adhuc
1016 1013 1039 1085 i
1052 1011 1151 1088 caede
1166 1016 1327 1113 tepebat,

418 1157 516 1232 Vota
528 1168 657 1230 tamen
669 1149 822 1248 tetigere
835 1146 955 1244 Deos,
970 1145 1124 1244 tctigdre
1140 1159 1326 1245 parentes.

415 1292 512 1372 Nam
526 1288 630 1363 color
642 1287 686 1368 in
699 1309 815 1383 pomo
828 1294 901 1378 est,
922 1281 990 1354 ubi
1005 1281 1281 1378 permaturuit,
1297 1293 1394 1378 ater,

417 1421 609 1519 Quodque
621 1419 720 1516 mgis
735 1428 924 1514 superest,
940 1414 1021 1490 una
1033 1415 1237 1512 requiescit
1252 1417 1295 1490 in
1308 1415 1420 1492 urnis.
1486 1389 1490 1396 Ι

463 1553 636 1628 Desierat
652 1577 660 1624 :
676 1545 924 1643 mediumque
936 1545 1012 1619 fuit
1028 1548 1144 1620 breve
1157 1557 1326 1646 tempus,
1345 1559 1382 1622 et
1394 1574 1478 1623 orsa
1490 1566 1543 1624 est

413 1683 550 1759 Dicere
563 1681 763 1758 Leucono'e'
781 1703 940 1752 :vocem
957 1675 1116 1750 tenuere
1131 1701 1290 1751 sorores.

736 1893 815 1967 III.
848 1892 1016 1968 Vulcani
1032 1895 1141 1972 retia.

463 2093 582 2168 Hauc
596 2117 769 2190 quoque,
789 2087 935 2162 siderea
949 2086 1019 2184 qui
1033 2098 1219 2184 temperat
1232 2086 1362 2162 omnia
1373 2088 1477 2187 luoe,

414 2225 523 2325 Cepit
535 2250 644 2300 amor
658 2225 796 2298 Solem.
815 2220 912 2295 Solis
926 2216 1134 2294 referemus
1147 2244 1306 2296 amores.

412 2362 567 2437 Primus
580 2351 814 2435 adulterium
826 2356 986 2430 Veneris
1000 2381 1091 2431 cum
1103 2355 1224 2432 Marte
1237 2369 1397 2455 putatur

412 2491 488 2566 Hic
499 2489 640 2566 vidisse
653 2491 757 2564 Deus
774 2516 783 2562 ε
799 2485 908 2562 videt
919 2484 986 2559 hic
997 2485 1103 2560 Deus
1116 2486 1247 2560 omnia
1258 2487 1419 2584 primus.

313 2661 314 2666 ¹
413 2621 586 2700 Indoluit
598 2620 696 2696 facto
715 2649 722 2695 :
738 2619 1068 2716 Junonigemeque
1079 2619 1219 2695 marito

413 2754 531 2830 Furta
544 2754 638 2850 tori,
657 2751 830 2850 furtique
846 2751 976 2824 locum
993 2752 1233 2826 monstravit.
1253 2749 1303 2826 At
1315 2751 1375 2828 illi

414 2885 464 2958 Et
476 2909 607 2979 mens,
627 2894 665 2954 et
678 2879 782 2980 quod
799 2905 895 2977 opus
909 2878 1056 2954 fabrilis
1073 2880 1207 2954 dextra
1222 2883 1389 2980 tenebat,

414 3013 569 3087 Excidit
582 3024 597 3054 ⁸
618 3040 625 3086 :
645 3009 838 3108 extemplo
851 3010 1005 3108 graciles
1019 3035 1068 3084 ex
1080 3035 1155 3084 aere
1168 3021 1331 3109 catenas,

417 3131 619 3245 Retiaque,
637 3161 674 3221 et
686 3146 861 3243 laqueos,
878 3171 965 3243 quae
978 3145 1128 3220 lumina
1139 3143 1268 3220 fallere
1280 3147 1445 3248 possint,

413 3279 565 3354 Elimat.
581 3279 668 3354 Non
685 3275 784 3352 illud
799 3303 896 3376 opus
913 3276 1137 3352 tenuissima
1153 3280 1311 3354 vincant

462 3462 472 3493 ²
497 3459 607 3518 Thisbe
624 3459 806 3535 apostrophe
820 3458 928 3516 l’arhre
942 3459 1054 3517 temolo
1066 3458 1104 3517 de
1122 3479 1167 3518 ses
1183 3458 1316 3519 dernier·
1329 3479 1464 3521 monens

417 3575 534 3623 comme
544 3557 589 3616 s’il
600 3556 726 3632 pouvait
736 3555 908 3614 l'entendre.
919 3556 1089 3631 Lapassion
1095 3557 1180 3632 prae
1191 3551 1466 3630 suxobjetsinsen'·

419 3656 506 3718 sibles
520 3655 547 3713 le
564 3655 722 3712 sentiment
734 3652 810 3712 dont
824 3654 878 3712 elle
891 3665 936 3712 est
948 3652 1073 3710 animle.

452 3755 476 3806 ‚⁸
502 3751 689 3811 L’inversion
710 3750 810 3810 donne
834 3751 852 3809 i
873 3753 902 3809 la
924 3749 1124 3809 versification
1146 3749 1236 3808 latine
1257 3768 1299 3810 un
1320 3763 1467 3830 avantags

420 3849 640 3925 incomparahle
654 3869 708 3908 sur
720 3851 749 3908 la
764 3850 861 3907 notre.
874 3850 994 3907 Ezcidae't
1009 3849 1110 3910 tombs
1122 3849 1179 3910 tta
1191 3849 1233 3910 fin
1244 3849 1281 3910 de
1294 3851 1325 3909 la
1337 3852 1466 3925 phrase,
1594 3839 1595 3856 ²

421 3969 535 4016 comme
547 3951 575 4015 le
587 3963 724 4020 mansan
736 3951 788 4013 des
803 3952 898 4012 mains
910 3951 948 4010 ds
959 3951 1096 4012 valesia.
