3214 5300
373 511 418 586 16
486 529 571 586 ons
599 497 1048 594 nirrnnonrnosrs
1079 543 1309 627 novum,

370 673 483 763 Quod
497 673 645 770 tremit,
663 673 801 771 exiguo
812 677 901 752 edm
916 705 1112 762 summum
1124 694 1325 794 stringitur
1337 703 1444 778 aura.

369 805 440 880 Sed
457 818 542 904 post
555 805 673 902 quim
687 819 876 883 remorato
888 837 976 886 suos
991 822 1167 914 ognovit
1179 851 1343 927 amores,
1456 799 1465 833 Ι

366 938 535 1012 Percutit
548 936 725 1036 indignos
737 937 839 1014 clam
852 942 1029 1042 plangore
1041 947 1215 1052 lacertos3

366 1072 416 1145 Et
427 1071 564 1144 laniata
576 1084 721 1166 comas,
741 1073 991 1172 amplexaque
1004 1102 1140 1197 oorpns
1152 1100 1339 1186 amatum,

364 1202 536 1276 Vulnera
552 1201 744 1298 supplevit
759 1203 957 1302 lacrymis3
976 1207 1185 1312 fletumque
1200 1221 1329 1295 cruori

364 1336 520 1412 Miscuit
536 1363 544 1407 ε
560 1349 597 1406 et
610 1334 741 1430 gelidis
754 1336 797 1409 in
811 1337 983 1413 vultibus
998 1345 1122 1418 oscula
1134 1349 1269 1448 figens,

364 1465 543 1563 Pyramo,
557 1465 753 1561 clamavit,
768 1466 856 1562 quis
869 1480 906 1540 te
919 1469 1018 1543 mihi
1032 1499 1136 1550 casus
1152 1479 1322 1557 ademit?

237 1593 239 1598 ’
363 1599 541 1698 Pyramo,
558 1596 744 1695 responde
762 1627 770 1672 :
785 1600 851 1674 t'ua
862 1614 917 1699 te,
933 1606 1139 1708 carissime,
1159 1611 1300 1689 Thisbe

361 1728 542 1802 Nominat
558 1756 566 1801 :
581 1727 738 1823 exaudi,
753 1730 961 1828 vultusque
974 1738 1101 1811 attolle
1118 1741 1289 1836 jooentes.

411 1859 470 1932 Ad
487 1885 629 1932 nomen
642 1857 801 1934 Thisbes
815 1864 966 1963 oculos,
982 1869 1058 1963 jam
1071 1888 1193 1949 morte
1208 1893 1394 1982 gravatos,

359 1993 543 2091 Pyramus
557 1990 697 2088 erexit,
713 1992 870 2091 visique
883 1999 1099 2077 recondidit
1115 2005 1192 2082 illd.

360 2127 456 2214 Quae
472 2136 556 2223 post
572 2123 688 2222 quim
702 2139 923 2227 vestemque
937 2158 1046 2210 snam
1059 2141 1252 2237 cognovit,
1272 2156 1309 2218 et
1323 2173 1413 2224 ense

360 2257 465 2332 Vidit
479 2257 574 2329 ebur
586 2276 754 2326 vacuum
763 2284 774 2348 5
791 2253 875 2328 Tua
887 2269 925 2329 te
938 2283 1092 2357 manus,
1109 2263 1254 2364 inquit,
1271 2295 1453 2374 amorque

357 2381 546 2476 Perdidit,
561 2375 699 2450 infelix
715 2407 723 2452 ι
740 2392 795 2452 est
812 2385 820 2416 ¹
840 2394 877 2454 et
888 2382 989 2457 mihi
1000 2385 1109 2462 fortis
1125 2392 1168 2465 in
1182 2417 1307 2474 unum

357 2517 440 2592 Hoc
453 2515 610 2603 manns3
627 2519 733 2581 estet
748 2535 856 2585 amor
873 2541 881 2586 :
898 2513 1003 2590 debit
1016 2515 1081 2592 hio
1094 2522 1137 2595 in
1151 2525 1312 2606 vulnera
1325 2534 1439 2614 vires.

356 2651 564 2743 Persequar
578 2642 792 2717 extinctum
814 2672 822 2717 τ
838 2642 981 2742 letique
997 2648 1210 2730 miserrima
1223 2657 1327 2736 dicar

357 2785 493 2870 Causa,
509 2799 727 2873 comesque,
741 2775 801 2848 tui
819 2805 828 2851 ε
851 2777 996 2877 quique
1012 2783 1033 2856 t
1049 2809 1112 2859 me
1123 2803 1246 2864 morte
1260 2796 1393 2871 revelli

355 2916 442 2989 Heu
459 2911 536 2987 sold
548 2922 713 3010 potens,
728 2911 869 3008 potoris
885 2939 955 2988 nec
970 2929 1094 2994 morte
1106 2924 1250 3001 revelli.

355 3046 437 3122 Hoc
449 3055 577 3116 tamen
590 3041 793 3116 amborum
806 3045 934 3119 verbis
949 3060 1066 3123 estote
1078 3057 1214 3152 rogati,

356 3179 390 3253 Ο
410 3179 418 3251 l
439 3175 607 3250 multon
619 3172 768 3273 miseri,
784 3200 892 3252 meus
909 3180 1109 3282 illiusque,
1125 3202 1316 3290 parentes,
1433 3203 1437 3211 '

353 3304 425 3403 Ut,
445 3330 540 3404 quoe
553 3316 676 3378 certus
690 3329 815 3405 amor,
832 3331 929 3406 quoe
943 3308 1038 3386 hora
1052 3315 1259 3394 novissima
1270 3323 1417 3424 junxit,

352 3439 538 3536 componi
552 3439 704 3513 tumulo
718 3465 799 3517 non
813 3439 1017 3520 invideatis
1031 3447 1175 3526 eodem.

352 3571 404 3648 At
417 3583 480 3668 tu,
497 3595 583 3668 quoe
596 3574 711 3646 remis
725 3576 838 3650 arbor
850 3577 1063 3656 miserabile
1076 3609 1213 3682 corpus

351 3701 463 3777 Nunc
479 3700 569 3800 tegis
583 3700 719 3801 unius,
736 3730 829 3780 mox
843 3733 882 3780 es¹
894 3719 1040 3782 tecture
1052 3711 1237 3813 duorum3

395 3881 407 3914 ¹
431 3881 474 3938 La
488 3879 645 3955 repetition
662 3881 706 3940 du
723 3886 813 3945 verbe
831 3899 860 3945 et
875 3887 912 3946 de
925 3888 958 3946 ‘la
972 3888 1163 3964 conjonction
1178 3897 1307 3972 exprime
1324 3917 1395 3960 aveo

342 3976 477 4070 'rivndtt
489 3989 519 4039 et
529 3997 602 4044 aree
613 3981 731 4064 energie
742 3983 771 4045 lo
784 3985 950 4048 resolution
962 3988 1132 4068 deoperte
1145 3994 1181 4051 de
1195 3995 1312 4054 Thisbe.
