3178 5312
441 500 510 578 sis
558 513 645 570 ces
675 483 1110 566 urirsuoaruosrs
1141 506 1367 590 norrun,

438 662 486 735 Et
502 683 657 759 possrun
671 653 871 750 tribuisse,
892 663 929 726 et
945 675 1127 748 magnum
1142 677 1286 728 munus
1302 656 1424 750 inerti.
1436 668 1493 732 est
1502 716 1516 756 ,

435 794 537 867 Pone
554 802 720 887 metum,
735 787 903 864 tribuam
921 814 929 862 :
946 784 1055 862 nullo
1068 784 1260 860 violabere
1273 787 1387 866 ferro.

436 923 545 1011 Quin
561 921 674 998 etiam
686 943 866 998 mansura
881 915 977 992 dabo
990 929 1242 992 monumenta
1256 945 1325 1016 per
1342 945 1472 1001 aevrrm
1490 952 1501 996 :

433 1057 555 1152 Inque
568 1053 682 1132 domo
694 1051 813 1126 soceri
827 1075 974 1148 semper
989 1050 1203 1149 spectabere
1217 1053 1360 1150 nostri,

434 1185 487 1258 Ut
501 1163 585 1258 mea
597 1210 638 1259 se
653 1182 782 1280 sponsi
799 1181 940 1256 soletur
955 1181 1116 1278 imagine
1129 1185 1284 1280 conjux.
1428 1242 1438 1248 .

483 1317 595 1398 Dixit
611 1345 619 1391 ε
638 1327 675 1390 et
691 1314 735 1391 in
750 1326 896 1411 partem
913 1313 1155 1413 Phorcynida
1168 1316 1366 1398 transtulit
1381 1316 1511 1414 illam,

433 1446 494 1524 'Ad
510 1474 626 1545 quam
640 1473 679 1524 se
692 1445 844 1543 trepido
853 1445 1021 1524 Phineus
1035 1448 1251 1525 obverterat
1266 1473 1346 1524 ore.

433 1579 537 1654 Tum
552 1602 705 1675 quoque
721 1575 873 1650 conanti
890 1601 958 1650 sua
973 1573 1122 1657 flectere
1138 1574 1288 1650 lumina
1304 1574 1439 1651 cervix

435 1709 620 1806 Diriguit,
640 1733 805 1803 saxoque
821 1705 1022 1784 oculorum
1038 1705 1217 1782 induruit
1235 1705 1390 1782 humor.

436 1837 508 1911 Sed
522 1849 648 1910 temen
658 1834 887 1913 ostimidunr
896 1893 906 1928 ‚
916 1835 1174 1931 vultusquein
1185 1860 1375 1910 marmore
1381 1836 1559 1934 supplex,

434 1967 712 2064 sabmineque
728 1989 884 2062 suanus,
899 1964 1086 2063 faciesque
1103 1967 1269 2046 obnoxia
1282 1966 1436 2043 mansit.

830 2174 903 2250 IV.
931 2178 1096 2250 Proetus.

482 2371 670 2448 Vrcron
685 2369 911 2448 Abantiades
928 2372 1069 2468 patrios
1085 2397 1174 2448 cum
1191 2373 1346 2468 conjuge
1362 2397 1499 2448 mutos

400 2494 403 2502 ’
433 2501 573 2596 Intrat,
594 2514 631 2574 et
646 2500 847 2576 immeritae
860 2499 1007 2576 vindex
1022 2501 1201 2599 ultorque
1217 2501 1384 2600 parentis

434 2631 658 2732 Aggreditur
675 2633 846 2707 Proetum
867 2662 875 2708 :
894 2659 1005 2731 nam,
1024 2632 1138 2708 fratre
1155 2659 1223 2731 per
1238 2659 1342 2734 urna
1357 2631 1510 2732 ficgato,

434 2763 666 2840 Acrisiontas
681 2765 832 2839 Proetus
847 2765 1060 2863 possederat
1074 2793 1188 2844 arces.

433 2894 505 2966 Sed
520 2921 589 2969 nec
603 2921 673 2993 ope
686 2922 899 2994 amorosa,
914 2923 1001 2994 nec,
1020 2897 1137 2994 quim
1154 2896 1251 2976 malt
1264 2905 1430 2994 ceperat,
1448 2921 1556 2998 arce,

431 3022 558 3102 Torva
570 3025 789 3111 colubriferi
801 3026 995 3124 superarit
1008 3025 1156 3104 lumina
1171 3022 1345 3102 monstri.

798 3237 845 3311 V.
874 3238 1108 3336 Poh1dectes.

481 3429 545 3503 Tu
557 3442 703 3527 umen,
719 3427 742 3503 ὂ
758 3432 767 3503 l
786 3453 914 3528 parvae
931 3444 1073 3529 rector,
1091 3429 1309 3530 Polydecte,
1328 3432 1482 3533 Seriphi
1499 3442 1530 3536 ¹,
1586 3465 1587 3470 ¹

430 3563 507 3641 Nec
524 3563 675 3658 juvenis
689 3560 832 3662 virtus,
850 3591 919 3664 per
934 3577 991 3640 tot
1007 3577 1166 3663 spectata
1182 3565 1349 3664 labores,

366 3787 369 3794 .
476 3751 484 3782 ¹
505 3747 577 3804 L’lle
587 3745 624 3803 de
636 3747 775 3824 staiphe,
787 3749 828 3806 ob
837 3749 952 3826 rignait
962 3749 1137 3826 Polydecte,
1150 3768 1167 3806 a
1179 3752 1224 3807 tte
1234 3750 1309 3808 ainsi
1319 3750 1439 3826 appelle
1452 3751 1470 3808 a
1585 3741 1586 3748 ἵ

432 3865 519 3905 cauae
532 3847 583 3905 des
593 3847 713 3906 rochers
726 3846 801 3905 dont
814 3849 867 3908 elle
880 3849 951 3909 erait
964 3851 1086 3928 remplie
1097 3872 1105 3924 3
1118 3871 1151 3909 ce
1162 3849 1216 3930 qui
1226 3853 1255 3910 la
1267 3851 1322 3910 fait
1334 3869 1470 3910 nommer
1585 3905 1586 3921 ,

431 3963 488 4023 per
499 3945 618 4016 Tacite,
629 3965 737 4004 aarum
750 3947 921 4026 Sen'plrinm.
