3218 5342
432 575 505 648 534
548 585 634 642 cns
661 554 1105 640 aarruoarnoses
1136 583 1363 668 movsen,

428 737 565 814 Nullus
581 725 821 810 Erechthidis
834 723 957 798 fertur
970 723 1193 800 celebratior
1208 728 1274 804 illo

428 863 604 940 Illuxisse
615 859 696 934 dies
717 885 725 931 :
743 853 885 954 agitant
898 851 1077 930 convivia
1092 869 1237 956 patres,

427 995 477 1069 Et
488 992 659 1068 medium
672 985 809 1083 vulgus
826 1013 835 1058 ε
855 1007 1019 1058 necnon
1036 998 1074 1060 et
1089 988 1272 1088 carmina,
1289 991 1383 1066 vino

353 1167 355 1179 =
426 1119 819 1224 Ingeniumfaciente,
835 1129 991 1192 canunt.
1008 1117 1084 1215 Te,
1099 1122 1266 1196 maxime
1279 1123 1445 1223 Theseu,

426 1259 562 1336 Mirans
573 1268 630 1331 est
642 1252 842 1329 Marathon
856 1253 991 1327 Cretaei
1007 1254 1191 1352 sanguine
1202 1258 1323 1354 tauri3

426 1391 616 1488 Quodque
624 1379 708 1462 'suis
720 1411 874 1460 securus
885 1396 966 1460 arat
980 1387 1194 1486 Cromyona
1209 1391 1385 1488 colonus,

424 1523 569 1600 Munus
584 1541 756 1616 opusque
768 1527 882 1590 tuum
898 1527 967 1590 est.
986 1515 1115 1590 Tellus
1131 1519 1337 1616 Epidauria
1352 1545 1421 1618 per
1434 1531 1470 1594 le

424 1656 657 1754 clavigeram
671 1651 772 1726 vidit
787 1649 950 1724 Vulcani
965 1653 1188 1728 occumbere
1200 1653 1346 1750 prolem
1362 1661 1396 1752 ¹3

423 1785 532 1862 Vidit
547 1796 584 1860 et
600 1783 787 1857 immitem
800 1779 998 1878 Cephesias
1013 1806 1080 1855 ora
1092 1781 1340 1859 Procrusten:

423 1915 625 2014 Cercyonis
640 1913 760 1987 letum
775 1910 875 1985 vidit
889 1911 1049 1988 Cerealis
1064 1913 1231 1990 Eleusin.

424 2041 574 2119 Occidit
585 2041 650 2114 illa
666 2038 784 2134 Sinis,
801 2038 945 2136 magnis
962 2041 1060 2114 mule
1072 2043 1221 2120 viribus
1233 2069 1345 2142 usus3

424 2173 503 2261 Qui
518 2183 666 2270 poterat
681 2195 843 2245 curvare
858 2172 1000 2269 trabes,
1020 2184 1058 2247 et
1069 2176 1196 2272 agebat
1207 2177 1255 2252 ab
1267 2176 1343 2252 alto

422 2309 480 2382 Ad
496 2321 634 2382 terram
650 2305 723 2379 late
740 2329 931 2402 sparsuras
946 2331 1103 2404 corpora
1118 2307 1246 2406 pinus.

422 2437 547 2512 Tutus
559 2439 605 2513 ad
619 2435 846 2532 Alcathcem
864 2436 1032 2534 Lelegeia
1044 2439 1205 2536 moenia,
1220 2439 1329 2514 limes

420 2570 665 2668 Composito·
683 2566 857 2666 Scirone,
872 2581 973 2665 patet
990 2597 998 2643 ε
1014 2570 1208 2669 sparsique
1219 2567 1377 2645 naonis

419 2703 538 2776 Terra
549 2711 658 2798 negat
670 2697 818 2793 sedem,
836 2697 962 2772 sedem
979 2713 1088 2797 negti
1098 2699 1244 2774 ossibus
1256 2697 1379 2796 unda;

420 2836 517 2922 Quae
529 2836 661 2931 jactata
674 2830 743 2903 diu
757 2829 879 2904 fertur
893 2830 1047 2906 durasse
1062 2844 1229 2907 vetustas

419 2971 465 3044 In
479 2963 651 3064 scopulos
668 2991 676 3037 :
692 2962 855 3059 scopulis
871 2989 1013 3037 nomen
1027 2962 1192 3038 Scironis
1204 2961 1377 3037 inhaeret.

417 3100 459 3175 Si
473 3098 602 3174 titulos
615 3121 810 3193 annosque
824 3108 927 3194 tuos,
942 3123 1145 3172 numerare
1158 3096 1339 3192 velimus,

286 3301 289 3309 ,
418 3234 526 3308 Facta
536 3223 711 3328 premant
724 3253 854 3303 annos.
874 3229 1017 3326 Prote,
1033 3227 1253 3325 sordissima,
1270 3239 1361 3304 vom

418 3361 572 3436 Publica
584 3359 809 3456 suscipimus
825 3357 981 3432 :Bacchi
993 3358 1064 3432 tibi
1077 3359 1265 3432 sumimus
1277 3354 1446 3431 haustus.

466 3493 655 3566 Consonat
665 3515 817 3564 assensu
829 3491 979 3588 populi,
998 3491 1247 3589 precibusque
1258 3489 1456 3564 fisventrirn

417 3621 529 3720 Regia
539 3649 547 3694 ε
557 3645 627 3693 nec
638 3620 716 3693 total
729 3621 846 3696 tristis
859 3622 965 3698 locus
978 3622 1080 3698 ullus
1097 3623 1140 3696 in
1153 3623 1247 3696 urbe
1261 3633 1327 3696 est.

419 3905 423 3916 .
459 3823 469 3853 ¹
494 3820 667 3896 Periphrase
684 3821 738 3896 qui
755 3821 875 3898 designo
892 3823 1064 3900 Periphlrte,
1082 3822 1127 3880 fils
1144 3824 1181 3880 de
1196 3822 1343 3892 Vulcain,
1362 3825 1448 3900 gesat

415 3919 512 3978 feroce
525 3920 580 3996 qui
591 3919 754 3978 assassinsit
767 3921 808 3976 les
820 3939 941 3995 passans
954 3940 1026 3979 avec
1038 3941 1097 3980 une
1109 3939 1236 3979 massua.

456 4040 470 4070 ⁸
486 4037 592 4097 Terrae
605 4035 641 4096 de
653 4035 821 4099 uaesana
832 4038 886 4117 qui
898 4039 1013 4115 repoud
1025 4039 1043 4102 a
1054 4038 1188 4114 defuncto
1195 4079 1207 4110 ,
1220 4005 1377 4113 imeffecic.
