3214 5300
412 513 459 587 66
527 529 612 584 cns
642 499 1080 581 nrirsuonrnosns
1111 525 1339 604 morton,

410 677 527 750 sortis
541 686 619 750 orat
631 671 805 748 :Themis
819 671 918 747 hanc
930 669 1084 745 dederat
1094 672 1270 748 Parnasia
1281 687 1442 770 sortem3

410 805 594 902 Tempus,
610 803 712 898 Aua,
731 801 881 896 veniet,
899 813 967 874 tua
981 827 1059 900 quo
1075 806 1298 902 spoliabitur
1313 835 1409 882 auro

409 936 534 1008 Arbor
552 961 559 1006 :
578 945 615 1006 et
628 931 734 1006 hunc
746 930 883 1026 praedae
898 929 1053 1004 titulum
1068 933 1163 1006 Jove
1176 948 1288 1010 natus
1303 935 1470 1010 habebit.

407 1063 453 1138 Id
466 1074 658 1156 metuens,
677 1058 807 1132 solidis
821 1058 992 1154 pomaria
1007 1058 1189 1134 clauserat
1205 1063 1307 1138 Atlas

409 1192 620 1287 Moenibus,
639 1201 677 1263 et
691 1201 798 1264 vasto
811 1187 965 1263 dederat
977 1189 1160 1264 servanda
1175 1191 1331 1266 draconi
1346 1201 1382 1290 ¹3

410 1323 643 1418 Arcebatque
659 1320 736 1393 suis
754 1331 930 1394 externos
942 1319 1084 1394 finibus
1098 1349 1240 1400 omnes.

409 1453 511 1527 Huic
524 1475 693 1549 quoque,
709 1448 812 1524 Vade
824 1449 975 1547 procul,
993 1475 1041 1523 ue
1055 1451 1162 1549 longe
1179 1453 1295 1551 gloria
1307 1479 1439 1527 rerum
1455 1460 1467 1488 ¹
1476 1510 1488 1548 ,

342 1649 346 1656 .
411 1585 513 1673 Quas
525 1579 718 1674 mentiris,
734 1578 805 1674 ait,
821 1579 928 1675 longe
941 1577 1014 1652 tibi
1025 1579 1202 1678 luppiter
1214 1581 1322 1656 absit.

408 1711 573 1806 Vimque
589 1706 705 1782 minis
717 1705 823 1779 addit
840 1735 847 1780 :
863 1705 1086 1804 foribusque
1099 1708 1286 1806 expellere
1300 1722 1421 1784 tentat

409 1843 676 1934 Cunctantem,
695 1849 733 1911 et
746 1837 902 1935 placidis
918 1839 1139 1914 miscentem
1151 1839 1264 1914 sortia
1276 1841 1399 1916 dictis.

409 1973 566 2048 Viribus
583 1969 757 2068 inferior,
776 1970 863 2067 quis
877 1970 979 2044 enim
997 1995 1065 2067 par
1082 1982 1175 2044 esset
1189 1970 1336 2046 Atlanti

410 2103 593 2178 Viribus?
604 2103 655 2178 At
671 2103 854 2201 quoniam
868 2103 978 2200 parvi
991 2102 1063 2176 tibi
1075 2103 1192 2202 gratia
1208 2115 1336 2178 nostra
1345 2115 1419 2204 est3

411 2235 724 2334 Accipemunus‚
739 2235 793 2308 ait
810 2263 817 2308 :
835 2233 1006 2330 laevdque
1019 2259 1040 2306 a
1053 2245 1180 2330 parte,
1198 2233 1383 2331 Medusae,

411 2367 494 2466 lpse
507 2377 761 2462 retroversus,
776 2364 985 2462 squalentia
997 2363 1167 2461 prodidit
1178 2389 1255 2439 ora.

461 2497 636 2582 Quantus
644 2506 739 2591 erat,
750 2493 984 2568 monsfactus
995 2493 1109 2570 Atlas.
1125 2495 1210 2568 Jam
1222 2497 1535 2593 barbacomaeque

413 2627 460 2700 ln
473 2625 585 2699 silvas
598 2623 740 2697 abeunt
756 2651 764 2696 :
778 2624 865 2720 juga
877 2632 969 2695 sunt
981 2620 1210 2740 bumerique
1223 2649 1436 2722 manusque
1450 2624 1476 2700 ³.

414 2755 527 2845 Quod
538 2752 1000 2852 caputantefirit,summo
1011 2752 1113 2826 estin
1121 2765 1251 2828 monte
1261 2777 1442 2830 cacumen
1449 2785 1460 2850 3

352 2857 357 2866 ὁ
416 2891 510 2964 Ossa
520 2887 614 2986 lapis
625 2886 726 2962 fiunt
743 2916 750 2961 :
765 2897 851 2961 tum
864 2897 987 2984 partes
1000 2898 1134 2960 auctus
1148 2886 1191 2960 in
1207 2912 1339 2962 ornnes

460 3157 471 3188 ¹
495 3155 551 3213 Les
562 3153 665 3234 poetes
676 3155 811 3214 donnont
822 3150 874 3211 des
886 3151 1017 3230 dragous
1030 3172 1109 3230 pour
1118 3154 1255 3232 gordiens
1266 3174 1326 3214 aux
1339 3159 1450 3216 tresors

417 3257 460 3311 les
473 3255 541 3329 plus
556 3254 713 3330 precieux‚
728 3255 808 3311 telles
821 3272 880 3329 que
899 3255 927 3308 la
941 3253 1039 3310 toison
1051 3254 1135 3324 d’or,
1150 3267 1179 3314 et
1196 3257 1237 3312 les
1254 3275 1387 3330 pommes
1405 3257 1456 3314 des

418 3351 603 3427 Hesperides.
622 3355 773 3429 Quelques
790 3351 999 3429 mythologues
1014 3363 1068 3408 ont
1082 3351 1228 3427 pretende
1245 3371 1304 3428 que
1321 3354 1456 3412 c’etaient

419 3450 472 3506 des
480 3451 615 3507 hommes
626 3450 663 3506 de
673 3467 705 3507 ee
715 3469 787 3508 nom
797 3471 805 3505 :
817 3448 891 3507 meu
901 3459 976 3506 cette
989 3449 1164 3526 explicatior
1174 3453 1248 3510 u’est
1257 3452 1371 3529 qn’uue
1381 3452 1458 3512 labie

420 3545 517 3602 moins
532 3545 671 3621 poetique
687 3557 716 3602 et
729 3545 825 3602 moins
838 3545 1016 3622 iugeuieuse.

465 3663 479 3691 ⁸
501 3659 630 3726 Recede,
646 3675 682 3735 ne
697 3676 717 3712 a
731 3659 812 3713 nobis
826 3677 995 3734 oppressus,
1013 3661 1121 3717 iudicio
1132 3663 1173 3718 sis
1185 3674 1212 3720 et
1222 3663 1348 3738 gloriam
1361 3683 1457 3723 rerum

388 3809 392 3819 ,
423 3758 659 3830 tuarumfalram
670 3775 750 3826 esse,
765 3771 792 3814 et
805 3769 832 3814 te
845 3778 865 3813 a
878 3761 957 3815 lovis
967 3779 1072 3834 genere
1083 3761 1167 3838 longe
1180 3763 1291 3820 abesse.

467 3865 480 3904 ³
506 3873 578 3927 Tam
598 3867 698 3945 aperte
716 3873 842 3928 Atianos
857 3874 1141 3946 uamsormationem
1158 3877 1292 3935 describit
1301 3883 1397 3952 poeta
1404 3919 1414 3948 ,
1431 3889 1462 3932 ue

424 3964 535 4028 nullam
548 3972 715 4029 lucc'cliorem
727 3973 863 4032 aunuum
873 3974 1096 4033 enarran'onem.
