3214 5300
393 449 441 526 56
508 470 592 524 ces
624 439 1068 522 udrnuouruoses
1099 460 1331 538 movroa,

525 665 650 750 XIII.
680 676 845 747 Mutotoe
861 675 901 746 in
913 697 1012 746 saxo
1027 673 1120 744 Inus
1138 677 1300 746 comites.

441 902 658 976 Sicorim
673 900 844 996 comites,
864 910 1052 998 quantum
1070 899 1241 999 valuere,
1258 913 1418 997 secutae,

392 1033 504 1132 Signa
521 1033 661 1132 pedum
675 1034 799 1131 primo
814 1031 943 1107 videre
957 1033 1163 1107 novissima
1175 1059 1288 1130 sax03

392 1163 471 1240 Nec
482 1163 646 1236 dubium
661 1162 709 1236 de
725 1173 847 1236 morte
862 1173 971 1257 rates,
991 1139 1194 1235 Cadmeida
1206 1161 1341 1258 palmis
1387 1175 1390 1179 '

393 1297 631 1396 Deplanxere
647 1304 654 1333 ¹
675 1295 853 1393 domum,
868 1296 988 1370 scissae
1006 1321 1095 1370 cum
1110 1307 1212 1371 veste
1226 1294 1390 1392 capillos.

393 1429 521 1529 thue
538 1455 673 1528 purum
687 1431 815 1525 justae,
835 1428 1078 1526 nimiumque
1095 1429 1137 1500 in
1152 1425 1284 1524 pellice
1301 1449 1417 1500 saevae

392 1562 585 1640 Invidiam
597 1561 716 1634 facire
730 1545 829 1635 Dese.
849 1558 1030 1637 Convicia
1042 1559 1064 1632 J
1065 1583 1145 1631 uno

394 1695 479 1770 Non
495 1695 584 1768 tulit
601 1723 609 1769 :
627 1705 680 1790 et,
700 1693 844 1767 Faciam
856 1718 925 1766 vos
941 1691 1039 1790 ipsas
1053 1691 1240 1787 maxima,
1258 1688 1376 1786 dixit,

394 1821 558 1895 Saevitiae
572 1832 819 1896 monumenta
835 1845 939 1894 meae.
957 1817 1029 1892 Res
1042 1819 1143 1892 dicta
1154 1829 1280 1891 secuta
1296 1828 1363 1891 est.

393 1950 488 2028 Nam
505 1977 591 2048 quae
608 1952 796 2048 praecipus
809 1950 932 2023 fuerat
944 1949 1023 2046 pia,
1043 1949 1266 2045 Persequar,
1283 1945 1434 2044 inquit,

395 2079 442 2154 In
457 2078 551 2152 freta
560 2081 726 2178 reginam
747 2109 755 2154 :
774 2080 987 2177 saltumque
1004 2079 1153 2176 datura,
1172 2079 1318 2153 moveri

395 2205 508 2283 Haud
524 2236 685 2308 usquam
700 2211 825 2308 potuit
842 2212 1094 2309 :scopuloque
1110 2209 1222 2285 affixa
1234 2207 1397 2284 cohaesit.

395 2335 541 2432 Altera,
556 2339 650 2414 dum
668 2341 776 2412 solito
790 2349 909 2412 tentat
921 2341 1098 2436 plangore
1114 2339 1228 2413 ferire

395 2464 567 2559 Pectora,
586 2479 747 2542 tentatos
760 2466 875 2540 sentit
889 2467 1047 2564 riguisse
1061 2467 1229 2542 lacertos.

394 2597 484 2692 Illa,
503 2621 639 2670 manus
652 2609 696 2668 ut
709 2596 804 2670 forte
818 2597 1026 2671 tetenderat
1038 2598 1082 2670 in
1096 2598 1211 2671 maris
1225 2595 1364 2693 undas,

272 2787 276 2794 .
396 2727 516 2800 Saxca
532 2724 626 2798 facta
639 2750 774 2797 manus
791 2725 832 2796 in
848 2724 995 2799 easdem
1008 2727 1166 2823 porrigit
1178 2725 1313 2801 undas.

396 2857 542 2953 Hujus,
562 2868 606 2929 ut
622 2867 812 2954 arreptum
829 2857 991 2930 laniabat
1000 2856 1141 2930 vertice
1154 2861 1317 2954 crinem,

396 2993 561 3069 Duratos
575 2989 700 3064 subito
717 2989 850 3086 digitos
866 2992 907 3062 in
923 2988 1027 3062 crine
1043 2989 1204 3064 videres.

396 3124 485 3213 Quo
498 3148 659 3219 quaeque
673 3122 714 3194 in
728 3134 831 3219 gestu
846 3121 1113 3220 deprenditur,
1131 3121 1242 3197 haesit
1255 3123 1297 3196 in
1311 3122 1390 3198 illo.

394 3255 485 3331 Pars
498 3249 796 3350 volucresfactoe3
813 3281 900 3353 quse
910 3281 1015 3330 nunc
1022 3281 1176 3354 quoque
1182 3253 1453 3353 gurgiteinillo

396 3387 565 3486 AEquora
578 3385 810 3482 distringunt
823 3386 958 3462 sumtis
971 3387 1178 3463 Ismenides
1195 3388 1275 3462 alis.

442 3585 451 3616 ¹
477 3581 629 3655 Dfievlrc
634 3624 646 3654 ‚
656 3585 770 3659 palmis
782 3597 901 3662 pectora
906 3587 1082 3665 plangentes
1094 3606 1131 3646 ac
1140 3585 1342 3664 percutientes.
