<?xml version="1.0" encoding="UTF-8"?>
<!DOCTYPE html PUBLIC "-//W3C//DTD XHTML 1.0 Transitional//EN"
    "http://www.w3.org/TR/xhtml1/DTD/xhtml1-transitional.dtd">
<html xmlns="http://www.w3.org/1999/xhtml" xml:lang="en" lang="en">
 <head>
  <title>
</title>
<meta http-equiv="Content-Type" content="text/html;charset=utf-8" />
  <meta name='ocr-system' content='tesseract 3.04.00' />
  <meta name='ocr-capabilities' content='ocr_page ocr_carea ocr_par ocr_line ocrx_word'/>
</head>
<body>
  <div class='ocr_page' id='page_1' title='image "./lesmtamorphoses02saingoog_0424.png"; bbox 0 0 3218 5342; ppageno 0'>
   <div class='ocr_carea' id='block_1_1' title="bbox 430 573 1359 674">
    <p class='ocr_par' dir='ltr' id='par_1_1' title="bbox 430 573 1359 674">
     <span class='ocr_line' id='line_1_1' title="bbox 430 573 1359 674; baseline -0.018 -5"><span class='ocrx_word' id='word_1_1' title='bbox 430 591 503 668; x_wconf 81' lang='lat'><strong>360</strong></span> <span class='ocrx_word' id='word_1_2' title='bbox 541 605 628 663; x_wconf 82' lang='lat' dir='ltr'><strong>nas</strong></span> <span class='ocrx_word' id='word_1_3' title='bbox 655 573 1102 659; x_wconf 73' lang='lat' dir='ltr'><strong>nlrsuournosss</strong></span> <span class='ocrx_word' id='word_1_4' title='bbox 1132 593 1359 674; x_wconf 78' lang='lat' dir='ltr'><strong>movsen,</strong></span> 
     </span>
    </p>
   </div>
   <div class='ocr_carea' id='block_1_2' title="bbox 309 743 1586 3853">
    <p class='ocr_par' dir='ltr' id='par_1_2' title="bbox 428 743 1583 1636">
     <span class='ocr_line' id='line_1_2' title="bbox 428 743 1515 852; baseline -0.011 -23"><span class='ocrx_word' id='word_1_5' title='bbox 428 753 589 852; x_wconf 84' lang='lat' dir='ltr'>Dignior</span> <span class='ocrx_word' id='word_1_6' title='bbox 600 753 681 851; x_wconf 85' lang='lat' dir='ltr'><strong>ipsa</strong></span> <span class='ocrx_word' id='word_1_7' title='bbox 693 750 788 848; x_wconf 82' lang='lat' dir='ltr'><strong>rapi.</strong></span> <span class='ocrx_word' id='word_1_8' title='bbox 804 747 913 821; x_wconf 86' lang='lat' dir='ltr'><strong>Pater</strong></span> <span class='ocrx_word' id='word_1_9' title='bbox 926 744 1025 820; x_wconf 86' lang='lat' dir='ltr'><strong>hanc</strong></span> <span class='ocrx_word' id='word_1_10' title='bbox 1037 745 1136 820; x_wconf 90' lang='lat' dir='ltr'><strong>mihi</strong></span> <span class='ocrx_word' id='word_1_11' title='bbox 1148 743 1280 844; x_wconf 83' lang='lat' dir='ltr'><strong>junxit</strong></span> <span class='ocrx_word' id='word_1_12' title='bbox 1291 745 1515 822; x_wconf 85' lang='lat' dir='ltr'><strong>Erechtheus:</strong></span> 
     </span>
     <span class='ocr_line' id='line_1_3' title="bbox 429 875 1441 978; baseline -0.012 -20"><span class='ocrx_word' id='word_1_13' title='bbox 429 883 536 958; x_wconf 85' lang='lat' dir='ltr'><strong>Hanc</strong></span> <span class='ocrx_word' id='word_1_14' title='bbox 549 882 646 956; x_wconf 92' lang='lat' dir='ltr'><strong>mihi</strong></span> <span class='ocrx_word' id='word_1_15' title='bbox 660 879 789 978; x_wconf 86' lang='lat' dir='ltr'><strong>junxit</strong></span> <span class='ocrx_word' id='word_1_16' title='bbox 802 875 931 951; x_wconf 87' lang='lat' dir='ltr'><strong>Amor.</strong></span> <span class='ocrx_word' id='word_1_17' title='bbox 947 875 1056 950; x_wconf 82' lang='lat' dir='ltr'><strong>Felix</strong></span> <span class='ocrx_word' id='word_1_18' title='bbox 1067 875 1236 974; x_wconf 84' lang='lat' dir='ltr'><strong>dicebar,</strong></span> <span class='ocrx_word' id='word_1_19' title='bbox 1254 899 1441 971; x_wconf 83' lang='lat' dir='ltr'><strong>eramque:</strong></span> 
     </span>
     <span class='ocr_line' id='line_1_4' title="bbox 428 1009 1516 1106; baseline -0.014 -15"><span class='ocrx_word' id='word_1_20' title='bbox 428 1017 515 1091; x_wconf 91' lang='lat' dir='ltr'><strong>Non</strong></span> <span class='ocrx_word' id='word_1_21' title='bbox 528 1017 581 1089; x_wconf 84' lang='lat' dir='ltr'><strong>ita</strong></span> <span class='ocrx_word' id='word_1_22' title='bbox 594 1013 661 1088; x_wconf 85' lang='lat' dir='ltr'><strong>Dls</strong></span> <span class='ocrx_word' id='word_1_23' title='bbox 677 1014 804 1088; x_wconf 87' lang='lat' dir='ltr'><strong>visum</strong></span> <span class='ocrx_word' id='word_1_24' title='bbox 818 1021 893 1084; x_wconf 91' lang='lat' dir='ltr'><strong>est:</strong></span> <span class='ocrx_word' id='word_1_25' title='bbox 910 1021 948 1082; x_wconf 86' lang='lat' dir='ltr'><strong>at</strong></span> <span class='ocrx_word' id='word_1_26' title='bbox 961 1033 1065 1084; x_wconf 90' lang='lat' dir='ltr'><strong>nunc</strong></span> <span class='ocrx_word' id='word_1_27' title='bbox 1080 1033 1234 1106; x_wconf 90' lang='lat' dir='ltr'><strong>quoque</strong></span> <span class='ocrx_word' id='word_1_28' title='bbox 1246 1009 1400 1084; x_wconf 75' lang='lat' dir='ltr'><strong>forsitan</strong></span> <span class='ocrx_word' id='word_1_29' title='bbox 1408 1031 1516 1079; x_wconf 86' lang='lat' dir='ltr'><strong>essem.</strong></span> 
     </span>
     <span class='ocr_line' id='line_1_5' title="bbox 428 1119 1583 1284; baseline -0.003 -68"><span class='ocrx_word' id='word_1_30' title='bbox 428 1141 534 1216; x_wconf 86' lang='lat' dir='ltr'><strong>Alter</strong></span> <span class='ocrx_word' id='word_1_31' title='bbox 546 1119 721 1242; x_wconf 65' lang='lat' dir='ltr'><strong>agebatur</strong></span> <span class='ocrx_word' id='word_1_32' title='bbox 732 1151 818 1239; x_wconf 91' lang='lat' dir='ltr'><strong>post</strong></span> <span class='ocrx_word' id='word_1_33' title='bbox 832 1165 933 1214; x_wconf 86' lang='lat' dir='ltr'><strong>sacra</strong></span> <span class='ocrx_word' id='word_1_34' title='bbox 944 1138 1080 1236; x_wconf 82' lang='lat' dir='ltr'><strong>Jugelra</strong></span> <span class='ocrx_word' id='word_1_35' title='bbox 1092 1141 1252 1238; x_wconf 83' lang='lat' dir='ltr'>mensis,</span> <span class='ocrx_word' id='word_1_36' title='bbox 1582 1192 1583 1284; x_wconf 44' lang='lat' dir='ltr'><strong>q</strong></span> 
     </span>
     <span class='ocr_line' id='line_1_6' title="bbox 429 1259 1342 1373; baseline -0.002 -25"><span class='ocrx_word' id='word_1_37' title='bbox 429 1259 527 1348; x_wconf 83' lang='lat' dir='ltr'><strong>Clim</strong></span> <span class='ocrx_word' id='word_1_38' title='bbox 543 1300 624 1373; x_wconf 86' lang='lat' dir='ltr'><strong>me,</strong></span> <span class='ocrx_word' id='word_1_39' title='bbox 642 1273 844 1372; x_wconf 86' lang='lat' dir='ltr'><strong>cornigeris</strong></span> <span class='ocrx_word' id='word_1_40' title='bbox 860 1271 1077 1347; x_wconf 81' lang='lat' dir='ltr'><strong>tendentem</strong></span> <span class='ocrx_word' id='word_1_41' title='bbox 1090 1272 1185 1345; x_wconf 91' lang='lat' dir='ltr'><strong>retia</strong></span> <span class='ocrx_word' id='word_1_42' title='bbox 1200 1271 1342 1367; x_wconf 80' lang='lat' dir='ltr'><strong>cervis,</strong></span> 
     </span>
     <span class='ocr_line' id='line_1_7' title="bbox 428 1399 1349 1503; baseline -0.008 -24"><span class='ocrx_word' id='word_1_43' title='bbox 428 1403 577 1480; x_wconf 82' lang='lat' dir='ltr'><strong>Vertice</strong></span> <span class='ocrx_word' id='word_1_44' title='bbox 590 1407 798 1482; x_wconf 90' lang='lat' dir='ltr'><strong>desummo</strong></span> <span class='ocrx_word' id='word_1_45' title='bbox 811 1430 958 1503; x_wconf 83' lang='lat' dir='ltr'><strong>semper</strong></span> <span class='ocrx_word' id='word_1_46' title='bbox 971 1402 1140 1480; x_wconf 86' lang='lat' dir='ltr'><strong>florentis</strong></span> <span class='ocrx_word' id='word_1_47' title='bbox 1152 1399 1324 1500; x_wconf 87' lang='lat' dir='ltr'><strong>Hymetti</strong></span> <span class='ocrx_word' id='word_1_48' title='bbox 1339 1405 1349 1436; x_wconf 84' lang='lat'><strong>¹</strong></span> 
     </span>
     <span class='ocr_line' id='line_1_8' title="bbox 428 1535 1287 1636; baseline -0.005 -25"><span class='ocrx_word' id='word_1_49' title='bbox 428 1537 548 1611; x_wconf 83' lang='lat' dir='ltr'><strong>Lutea</strong></span> <span class='ocrx_word' id='word_1_50' title='bbox 564 1563 675 1612; x_wconf 85' lang='lat' dir='ltr'><strong>mane</strong></span> <span class='ocrx_word' id='word_1_51' title='bbox 690 1537 796 1614; x_wconf 87' lang='lat' dir='ltr'><strong>videt</strong></span> <span class='ocrx_word' id='word_1_52' title='bbox 807 1536 927 1636; x_wconf 86' lang='lat' dir='ltr'><strong>pulsis</strong></span> <span class='ocrx_word' id='word_1_53' title='bbox 943 1537 1093 1612; x_wconf 84' lang='lat' dir='ltr'><strong>Aurora</strong></span> <span class='ocrx_word' id='word_1_54' title='bbox 1104 1535 1287 1612; x_wconf 87' lang='lat' dir='ltr'><strong>tenebris:</strong></span> 
     </span>
    </p>

    <p class='ocr_par' dir='ltr' id='par_1_3' title="bbox 309 1651 1586 2935">
     <span class='ocr_line' id='line_1_9' title="bbox 309 1651 1311 1768; baseline -0.012 -19"><span class='ocrx_word' id='word_1_55' title='bbox 309 1734 316 1749; x_wconf 92' lang='lat'><strong>.</strong></span> <span class='ocrx_word' id='word_1_56' title='bbox 428 1667 678 1768; x_wconf 80' lang='lat' dir='ltr'><strong>Invitumque</strong></span> <span class='ocrx_word' id='word_1_57' title='bbox 689 1670 800 1765; x_wconf 86' lang='lat' dir='ltr'><strong>rapit.</strong></span> <span class='ocrx_word' id='word_1_58' title='bbox 816 1669 942 1742; x_wconf 80' lang='lat' dir='ltr'><strong>Liceat</strong></span> <span class='ocrx_word' id='word_1_59' title='bbox 953 1667 1052 1743; x_wconf 89' lang='lat' dir='ltr'><strong>mihi</strong></span> <span class='ocrx_word' id='word_1_60' title='bbox 1066 1693 1157 1742; x_wconf 85' lang='lat' dir='ltr'><strong>vera</strong></span> <span class='ocrx_word' id='word_1_61' title='bbox 1169 1651 1311 1740; x_wconf 68' lang='lat' dir='ltr'><strong>referre</strong></span> 
     </span>
     <span class='ocr_line' id='line_1_10' title="bbox 428 1797 1274 1894; baseline 0 -24"><span class='ocrx_word' id='word_1_62' title='bbox 428 1798 521 1872; x_wconf 85' lang='lat' dir='ltr'><strong>Pace</strong></span> <span class='ocrx_word' id='word_1_63' title='bbox 532 1799 634 1874; x_wconf 74' lang='lat' dir='ltr'><strong>Dese.</strong></span> <span class='ocrx_word' id='word_1_64' title='bbox 655 1797 767 1885; x_wconf 90' lang='lat' dir='ltr'><strong>Quod</strong></span> <span class='ocrx_word' id='word_1_65' title='bbox 782 1797 830 1870; x_wconf 88' lang='lat' dir='ltr'><strong>sit</strong></span> <span class='ocrx_word' id='word_1_66' title='bbox 846 1821 952 1870; x_wconf 91' lang='lat' dir='ltr'><strong>roseo</strong></span> <span class='ocrx_word' id='word_1_67' title='bbox 966 1797 1176 1894; x_wconf 80' lang='lat' dir='ltr'><strong>spectabilis</strong></span> <span class='ocrx_word' id='word_1_68' title='bbox 1192 1821 1274 1894; x_wconf 87' lang='lat' dir='ltr'><strong>ore,</strong></span> 
     </span>
     <span class='ocr_line' id='line_1_11' title="bbox 430 1928 1282 2026; baseline 0.002 -24"><span class='ocrx_word' id='word_1_69' title='bbox 430 1928 543 2015; x_wconf 88' lang='lat' dir='ltr'><strong>Quod</strong></span> <span class='ocrx_word' id='word_1_70' title='bbox 558 1941 682 2004; x_wconf 88' lang='lat' dir='ltr'><strong>teneat</strong></span> <span class='ocrx_word' id='word_1_71' title='bbox 696 1929 811 2025; x_wconf 87' lang='lat' dir='ltr'><strong>lucis,</strong></span> <span class='ocrx_word' id='word_1_72' title='bbox 830 1939 956 2002; x_wconf 86' lang='lat' dir='ltr'><strong>teneat</strong></span> <span class='ocrx_word' id='word_1_73' title='bbox 967 1928 1131 2002; x_wconf 88' lang='lat' dir='ltr'><strong>confinia</strong></span> <span class='ocrx_word' id='word_1_74' title='bbox 1143 1930 1282 2026; x_wconf 83' lang='lat' dir='ltr'><strong>noctis,</strong></span> 
     </span>
     <span class='ocr_line' id='line_1_12' title="bbox 430 2055 1456 2156; baseline -0.001 -25"><span class='ocrx_word' id='word_1_75' title='bbox 430 2058 618 2132; x_wconf 85' lang='lat' dir='ltr'><strong>Nectareis</strong></span> <span class='ocrx_word' id='word_1_76' title='bbox 631 2055 735 2156; x_wconf 87' lang='lat' dir='ltr'><strong>quod</strong></span> <span class='ocrx_word' id='word_1_77' title='bbox 749 2057 871 2130; x_wconf 83' lang='lat' dir='ltr'><strong>alatur</strong></span> <span class='ocrx_word' id='word_1_78' title='bbox 884 2056 1012 2153; x_wconf 82' lang='lat' dir='ltr'><strong>uquis3</strong></span> <span class='ocrx_word' id='word_1_79' title='bbox 1029 2083 1093 2154; x_wconf 85' lang='lat' dir='ltr'><strong>ego</strong></span> <span class='ocrx_word' id='word_1_80' title='bbox 1109 2058 1267 2133; x_wconf 86' lang='lat' dir='ltr'><strong>Procrin</strong></span> <span class='ocrx_word' id='word_1_81' title='bbox 1279 2059 1456 2134; x_wconf 77' lang='lat' dir='ltr'><strong>amabam.</strong></span> 
     </span>
     <span class='ocr_line' id='line_1_13' title="bbox 431 2187 1438 2287; baseline 0.002 -26"><span class='ocrx_word' id='word_1_82' title='bbox 431 2189 584 2263; x_wconf 77' lang='lat' dir='ltr'><strong>Pectore</strong></span> <span class='ocrx_word' id='word_1_83' title='bbox 596 2188 743 2262; x_wconf 87' lang='lat' dir='ltr'><strong>Procris</strong></span> <span class='ocrx_word' id='word_1_84' title='bbox 758 2200 855 2284; x_wconf 88' lang='lat' dir='ltr'><strong>erat,</strong></span> <span class='ocrx_word' id='word_1_85' title='bbox 873 2187 1019 2262; x_wconf 88' lang='lat' dir='ltr'><strong>Procris</strong></span> <span class='ocrx_word' id='word_1_86' title='bbox 1033 2189 1131 2264; x_wconf 89' lang='lat' dir='ltr'><strong>mihi</strong></span> <span class='ocrx_word' id='word_1_87' title='bbox 1143 2216 1290 2287; x_wconf 86' lang='lat' dir='ltr'><strong>semper</strong></span> <span class='ocrx_word' id='word_1_88' title='bbox 1306 2190 1351 2264; x_wconf 90' lang='lat' dir='ltr'><strong>in</strong></span> <span class='ocrx_word' id='word_1_89' title='bbox 1366 2215 1438 2264; x_wconf 91' lang='lat' dir='ltr'><strong>ore.</strong></span> 
     </span>
     <span class='ocr_line' id='line_1_14' title="bbox 431 2316 1586 2416; baseline -0.002 -26"><span class='ocrx_word' id='word_1_90' title='bbox 431 2316 652 2415; x_wconf 67' lang='lat' dir='ltr'><strong>sanatori,</strong></span> <span class='ocrx_word' id='word_1_91' title='bbox 671 2320 867 2413; x_wconf 82' lang='lat' dir='ltr'><strong>coitusque</strong></span> <span class='ocrx_word' id='word_1_92' title='bbox 881 2335 1021 2414; x_wconf 85' lang='lat' dir='ltr'><strong>novos,</strong></span> <span class='ocrx_word' id='word_1_93' title='bbox 1040 2317 1299 2416; x_wconf 74' lang='lat' dir='ltr'><strong>thalamosque</strong></span> <span class='ocrx_word' id='word_1_94' title='bbox 1316 2329 1486 2410; x_wconf 86' lang='lat' dir='ltr'><strong>recentes,</strong></span> <span class='ocrx_word' id='word_1_95' title='bbox 1585 2339 1586 2380; x_wconf 68' lang='lat' dir='ltr'><strong>l</strong></span> 
     </span>
     <span class='ocr_line' id='line_1_15' title="bbox 431 2445 1292 2546; baseline 0.007 -27"><span class='ocrx_word' id='word_1_96' title='bbox 431 2445 634 2546; x_wconf 86' lang='lat' dir='ltr'><strong>Primaque</strong></span> <span class='ocrx_word' id='word_1_97' title='bbox 649 2447 787 2523; x_wconf 88' lang='lat' dir='ltr'><strong>deserti</strong></span> <span class='ocrx_word' id='word_1_98' title='bbox 804 2447 1010 2522; x_wconf 86' lang='lat' dir='ltr'><strong>referebam</strong></span> <span class='ocrx_word' id='word_1_99' title='bbox 1023 2447 1166 2524; x_wconf 85' lang='lat' dir='ltr'><strong>foedera</strong></span> <span class='ocrx_word' id='word_1_100' title='bbox 1180 2451 1267 2526; x_wconf 92' lang='lat' dir='ltr'><strong>lecti</strong></span> <span class='ocrx_word' id='word_1_101' title='bbox 1284 2477 1292 2525; x_wconf 94' lang='lat'><strong>:</strong></span> 
     </span>
     <span class='ocr_line' id='line_1_16' title="bbox 432 2579 1395 2678; baseline 0 -26"><span class='ocrx_word' id='word_1_102' title='bbox 432 2579 536 2653; x_wconf 86' lang='lat' dir='ltr'><strong>Mota</strong></span> <span class='ocrx_word' id='word_1_103' title='bbox 546 2580 625 2654; x_wconf 84' lang='lat' dir='ltr'><strong>Dea</strong></span> <span class='ocrx_word' id='word_1_104' title='bbox 638 2592 714 2654; x_wconf 87' lang='lat' dir='ltr'><strong>est:</strong></span> <span class='ocrx_word' id='word_1_105' title='bbox 730 2591 785 2676; x_wconf 90' lang='lat' dir='ltr'><strong>et,</strong></span> <span class='ocrx_word' id='word_1_106' title='bbox 802 2579 896 2653; x_wconf 87' lang='lat' dir='ltr'><strong>Siste</strong></span> <span class='ocrx_word' id='word_1_107' title='bbox 909 2591 1010 2678; x_wconf 82' lang='lat' dir='ltr'><strong>tuas,</strong></span> <span class='ocrx_word' id='word_1_108' title='bbox 1025 2581 1185 2678; x_wconf 78' lang='lat' dir='ltr'><strong>ingrate,</strong></span> <span class='ocrx_word' id='word_1_109' title='bbox 1203 2579 1376 2677; x_wconf 83' lang='lat' dir='ltr'><strong>querelas</strong></span> <span class='ocrx_word' id='word_1_110' title='bbox 1385 2609 1395 2674; x_wconf 83' lang='lat'>3</span> 
     </span>
     <span class='ocr_line' id='line_1_17' title="bbox 433 2705 1489 2808; baseline -0.001 -27"><span class='ocrx_word' id='word_1_111' title='bbox 433 2705 592 2781; x_wconf 90' lang='lat' dir='ltr'><strong>Procrin</strong></span> <span class='ocrx_word' id='word_1_112' title='bbox 606 2709 723 2805; x_wconf 84' lang='lat' dir='ltr'><strong>habe,</strong></span> <span class='ocrx_word' id='word_1_113' title='bbox 742 2709 858 2804; x_wconf 75' lang='lat' dir='ltr'><strong>dixit.¹</strong></span> <span class='ocrx_word' id='word_1_114' title='bbox 871 2709 981 2795; x_wconf 88' lang='lat' dir='ltr'><strong>Quod</strong></span> <span class='ocrx_word' id='word_1_115' title='bbox 997 2710 1030 2783; x_wconf 89' lang='lat' dir='ltr'><strong>si</strong></span> <span class='ocrx_word' id='word_1_116' title='bbox 1044 2737 1127 2784; x_wconf 86' lang='lat' dir='ltr'><strong>mea</strong></span> <span class='ocrx_word' id='word_1_117' title='bbox 1138 2711 1298 2808; x_wconf 89' lang='lat' dir='ltr'><strong>provida</strong></span> <span class='ocrx_word' id='word_1_118' title='bbox 1312 2735 1417 2784; x_wconf 90' lang='lat' dir='ltr'><strong>mens</strong></span> <span class='ocrx_word' id='word_1_119' title='bbox 1425 2721 1489 2803; x_wconf 87' lang='lat' dir='ltr'><strong>est,</strong></span> 
     </span>
     <span class='ocr_line' id='line_1_18' title="bbox 433 2835 1364 2935; baseline 0.005 -25"><span class='ocrx_word' id='word_1_120' title='bbox 433 2835 518 2910; x_wconf 91' lang='lat' dir='ltr'><strong>Non</strong></span> <span class='ocrx_word' id='word_1_121' title='bbox 533 2836 710 2911; x_wconf 82' lang='lat' dir='ltr'><strong>habuisse</strong></span> <span class='ocrx_word' id='word_1_122' title='bbox 721 2836 828 2909; x_wconf 84' lang='lat' dir='ltr'><strong>voles</strong></span> <span class='ocrx_word' id='word_1_123' title='bbox 844 2865 853 2909; x_wconf 93' lang='lat'>:</span> <span class='ocrx_word' id='word_1_124' title='bbox 870 2864 1007 2935; x_wconf 88' lang='lat' dir='ltr'><strong>meque</strong></span> <span class='ocrx_word' id='word_1_125' title='bbox 1024 2839 1080 2912; x_wconf 93' lang='lat' dir='ltr'><strong>illi</strong></span> <span class='ocrx_word' id='word_1_126' title='bbox 1097 2841 1191 2912; x_wconf 86' lang='lat' dir='ltr'><strong>irata</strong></span> <span class='ocrx_word' id='word_1_127' title='bbox 1205 2839 1364 2915; x_wconf 87' lang='lat' dir='ltr'><strong>remisit.</strong></span> 
     </span>
    </p>

    <p class='ocr_par' dir='ltr' id='par_1_4' title="bbox 376 2967 1468 3198">
     <span class='ocr_line' id='line_1_19' title="bbox 479 2967 1468 3066; baseline 0.003 -25"><span class='ocrx_word' id='word_1_128' title='bbox 479 2968 586 3042; x_wconf 90' lang='lat' dir='ltr'><strong>Dum</strong></span> <span class='ocrx_word' id='word_1_129' title='bbox 598 2967 731 3064; x_wconf 89' lang='lat' dir='ltr'><strong>redeo,</strong></span> <span class='ocrx_word' id='word_1_130' title='bbox 747 2994 972 3066; x_wconf 87' lang='lat' dir='ltr'><strong>mecumque</strong></span> <span class='ocrx_word' id='word_1_131' title='bbox 982 2971 1072 3046; x_wconf 85' lang='lat' dir='ltr'><strong>Deae</strong></span> <span class='ocrx_word' id='word_1_132' title='bbox 1085 2985 1289 3048; x_wconf 87' lang='lat' dir='ltr'><strong>memorata</strong></span> <span class='ocrx_word' id='word_1_133' title='bbox 1302 2983 1468 3064; x_wconf 80' lang='lat' dir='ltr'><strong>retruct03</strong></span> 
     </span>
     <span class='ocr_line' id='line_1_20' title="bbox 376 3097 1275 3198; baseline 0.002 -26"><span class='ocrx_word' id='word_1_134' title='bbox 376 3163 381 3172; x_wconf 93' lang='lat'><em>.</em></span> <span class='ocrx_word' id='word_1_135' title='bbox 433 3101 521 3174; x_wconf 88' lang='lat' dir='ltr'><strong>Esse</strong></span> <span class='ocrx_word' id='word_1_136' title='bbox 534 3111 657 3174; x_wconf 91' lang='lat' dir='ltr'><strong>metus</strong></span> <span class='ocrx_word' id='word_1_137' title='bbox 671 3097 806 3197; x_wconf 84' lang='lat' dir='ltr'><strong>coepit,</strong></span> <span class='ocrx_word' id='word_1_138' title='bbox 824 3126 874 3174; x_wconf 90' lang='lat' dir='ltr'><strong>ne</strong></span> <span class='ocrx_word' id='word_1_139' title='bbox 885 3102 970 3195; x_wconf 84' lang='lat' dir='ltr'><strong>jura</strong></span> <span class='ocrx_word' id='word_1_140' title='bbox 985 3101 1121 3198; x_wconf 81' lang='lat' dir='ltr'><strong>jugalia</strong></span> <span class='ocrx_word' id='word_1_141' title='bbox 1132 3104 1275 3196; x_wconf 87' lang='lat' dir='ltr'><strong>conjux</strong></span> 
     </span>
    </p>

    <p class='ocr_par' dir='ltr' id='par_1_5' title="bbox 432 3231 1508 3853">
     <span class='ocr_line' id='line_1_21' title="bbox 432 3231 1417 3331; baseline -0.001 -24"><span class='ocrx_word' id='word_1_142' title='bbox 432 3231 519 3307; x_wconf 91' lang='lat' dir='ltr'><strong>Non</strong></span> <span class='ocrx_word' id='word_1_143' title='bbox 531 3234 627 3308; x_wconf 89' lang='lat' dir='ltr'><strong>bene</strong></span> <span class='ocrx_word' id='word_1_144' title='bbox 640 3244 832 3308; x_wconf 84' lang='lat' dir='ltr'><strong>servasset.</strong></span> <span class='ocrx_word' id='word_1_145' title='bbox 849 3231 1048 3330; x_wconf 84' lang='lat' dir='ltr'><strong>Faciesque</strong></span> <span class='ocrx_word' id='word_1_146' title='bbox 1061 3247 1222 3331; x_wconf 82' lang='lat' dir='ltr'><strong>aeusque</strong></span> <span class='ocrx_word' id='word_1_147' title='bbox 1234 3235 1417 3329; x_wconf 84' lang='lat' dir='ltr'><strong>jubebunt</strong></span> 
     </span>
     <span class='ocr_line' id='line_1_22' title="bbox 433 3362 1469 3462; baseline -0.001 -23"><span class='ocrx_word' id='word_1_148' title='bbox 433 3364 593 3440; x_wconf 86' lang='lat' dir='ltr'><strong>Credere</strong></span> <span class='ocrx_word' id='word_1_149' title='bbox 607 3362 837 3438; x_wconf 86' lang='lat' dir='ltr'><strong>adulterium</strong></span> <span class='ocrx_word' id='word_1_150' title='bbox 855 3393 863 3439; x_wconf 94' lang='lat'><strong>:</strong></span> <span class='ocrx_word' id='word_1_151' title='bbox 881 3364 1132 3462; x_wconf 84' lang='lat' dir='ltr'><strong>prohibebant</strong></span> <span class='ocrx_word' id='word_1_152' title='bbox 1146 3365 1296 3440; x_wconf 88' lang='lat' dir='ltr'><strong>credere</strong></span> <span class='ocrx_word' id='word_1_153' title='bbox 1310 3389 1442 3440; x_wconf 87' lang='lat' dir='ltr'><strong>mores.</strong></span> <span class='ocrx_word' id='word_1_154' title='bbox 1466 3397 1469 3402; x_wconf 93' lang='lat'><em>·</em></span> 
     </span>
     <span class='ocr_line' id='line_1_23' title="bbox 433 3495 1508 3595; baseline -0.001 -24"><span class='ocrx_word' id='word_1_155' title='bbox 433 3495 504 3571; x_wconf 87' lang='lat' dir='ltr'><strong>Sed</strong></span> <span class='ocrx_word' id='word_1_156' title='bbox 520 3509 647 3571; x_wconf 88' lang='lat' dir='ltr'><strong>tamen</strong></span> <span class='ocrx_word' id='word_1_157' title='bbox 659 3495 851 3570; x_wconf 86' lang='lat' dir='ltr'><strong>abfueram</strong></span> <span class='ocrx_word' id='word_1_158' title='bbox 864 3525 873 3570; x_wconf 91' lang='lat'><strong>:</strong></span> <span class='ocrx_word' id='word_1_159' title='bbox 887 3495 949 3570; x_wconf 90' lang='lat' dir='ltr'><strong>sed</strong></span> <span class='ocrx_word' id='word_1_160' title='bbox 964 3509 1000 3570; x_wconf 90' lang='lat' dir='ltr'><strong>et</strong></span> <span class='ocrx_word' id='word_1_161' title='bbox 1012 3497 1094 3571; x_wconf 77' lang='lat' dir='ltr'><strong>hsec</strong></span> <span class='ocrx_word' id='word_1_162' title='bbox 1107 3511 1203 3595; x_wconf 84' lang='lat' dir='ltr'><strong>erat,</strong></span> <span class='ocrx_word' id='word_1_163' title='bbox 1215 3497 1321 3578; x_wconf 86' lang='lat' dir='ltr'><strong>unde</strong></span> <span class='ocrx_word' id='word_1_164' title='bbox 1334 3497 1508 3586; x_wconf 64' lang='lat' dir='ltr'><strong>redibam</strong></span> 
     </span>
     <span class='ocr_line' id='line_1_24' title="bbox 433 3591 1472 3720; baseline -0.003 -21"><span class='ocrx_word' id='word_1_165' title='bbox 433 3625 613 3699; x_wconf 86' lang='lat' dir='ltr'><strong>Criminis</strong></span> <span class='ocrx_word' id='word_1_166' title='bbox 627 3591 845 3720; x_wconf 76' lang='lat' dir='ltr'><strong>exemplum</strong></span> <span class='ocrx_word' id='word_1_167' title='bbox 859 3654 867 3699; x_wconf 93' lang='lat'>:</span> <span class='ocrx_word' id='word_1_168' title='bbox 883 3625 947 3700; x_wconf 88' lang='lat' dir='ltr'><strong>sed</strong></span> <span class='ocrx_word' id='word_1_169' title='bbox 962 3639 1097 3702; x_wconf 83' lang='lat' dir='ltr'><strong>cuncto</strong></span> <span class='ocrx_word' id='word_1_170' title='bbox 1111 3629 1288 3704; x_wconf 89' lang='lat' dir='ltr'><strong>timemus</strong></span> <span class='ocrx_word' id='word_1_171' title='bbox 1300 3638 1472 3702; x_wconf 77' lang='lat' dir='ltr'><strong>amantes.</strong></span> 
     </span>
     <span class='ocr_line' id='line_1_25' title="bbox 435 3752 1459 3853; baseline 0 -25"><span class='ocrx_word' id='word_1_172' title='bbox 435 3753 630 3849; x_wconf 73' lang='lat' dir='ltr'><strong>Quaerere,</strong></span> <span class='ocrx_word' id='word_1_173' title='bbox 647 3779 725 3850; x_wconf 91' lang='lat' dir='ltr'><strong>quo</strong></span> <span class='ocrx_word' id='word_1_174' title='bbox 738 3752 903 3850; x_wconf 85' lang='lat' dir='ltr'><strong>doleam,</strong></span> <span class='ocrx_word' id='word_1_175' title='bbox 918 3754 1052 3830; x_wconf 89' lang='lat' dir='ltr'><strong>studeo</strong></span> <span class='ocrx_word' id='word_1_176' title='bbox 1061 3787 1072 3851; x_wconf 84' lang='lat'>3</span> <span class='ocrx_word' id='word_1_177' title='bbox 1087 3754 1273 3853; x_wconf 90' lang='lat' dir='ltr'><strong>donisque</strong></span> <span class='ocrx_word' id='word_1_178' title='bbox 1286 3753 1459 3852; x_wconf 84' lang='lat' dir='ltr'><strong>pudicam</strong></span> 
     </span>
    </p>
   </div>
   <div class='ocr_carea' id='block_1_3' title="bbox 437 3933 1464 4094">
    <p class='ocr_par' dir='ltr' id='par_1_6' title="bbox 437 3895 1464 4094">
     <span class='ocr_line' id='line_1_26' title="bbox 479 3933 1464 4016; baseline -0.003 -23"><span class='ocrx_word' id='word_1_179' title='bbox 479 3937 489 3968; x_wconf 87' lang='lat'>¹</span> <span class='ocrx_word' id='word_1_180' title='bbox 512 3935 554 3993; x_wconf 77' lang='lat' dir='ltr'><strong>1ae</strong></span> <span class='ocrx_word' id='word_1_181' title='bbox 570 3933 637 3992; x_wconf 82' lang='lat' dir='ltr'><strong>miel</strong></span> <span class='ocrx_word' id='word_1_182' title='bbox 651 3933 688 3990; x_wconf 87' lang='lat' dir='ltr'><strong>de</strong></span> <span class='ocrx_word' id='word_1_183' title='bbox 701 3933 876 4010; x_wconf 65' lang='lat' dir='ltr'><strong>myrteus,</strong></span> <span class='ocrx_word' id='word_1_184' title='bbox 895 3947 1054 4016; x_wconf 77' lang='lat' dir='ltr'><strong>montagne</strong></span> <span class='ocrx_word' id='word_1_185' title='bbox 1071 3935 1109 3995; x_wconf 87' lang='lat' dir='ltr'><strong>de</strong></span> <span class='ocrx_word' id='word_1_186' title='bbox 1126 3935 1286 4015; x_wconf 78' lang='lat' dir='ltr'><strong>l’Attique,</strong></span> <span class='ocrx_word' id='word_1_187' title='bbox 1304 3944 1349 3994; x_wconf 82' lang='lat' dir='ltr'><strong>est</strong></span> <span class='ocrx_word' id='word_1_188' title='bbox 1365 3949 1464 3992; x_wconf 76' lang='lat' dir='ltr'><strong>encore</strong></span> 
     </span>
     <span class='ocr_line' id='line_1_27' title="bbox 437 4031 947 4094; baseline 0.002 -3"><span class='ocrx_word' id='word_1_189' title='bbox 437 4033 550 4091; x_wconf 65' lang='lat' dir='ltr'><strong>celebre</strong></span> <span class='ocrx_word' id='word_1_190' title='bbox 563 4033 637 4092; x_wconf 80' lang='lat' dir='ltr'><strong>daus</strong></span> <span class='ocrx_word' id='word_1_191' title='bbox 650 4032 678 4090; x_wconf 81' lang='lat' dir='ltr'><strong>la</strong></span> <span class='ocrx_word' id='word_1_192' title='bbox 692 4031 784 4092; x_wconf 73' lang='lat' dir='ltr'><strong>Grece</strong></span> <span class='ocrx_word' id='word_1_193' title='bbox 796 4035 947 4094; x_wconf 74' lang='lat' dir='ltr'><strong>moderno.</strong></span> 
     </span>
    </p>
   </div>
   <div class='ocr_carea' id='block_1_4' title="bbox 0 0 1623 5342">
    <p class='ocr_par' dir='ltr' id='par_1_7' title="bbox 0 0 1623 5342">
     <span class='ocr_line' id='line_1_28' title="bbox 0 0 1623 5342; baseline 0 0"><span class='ocrx_word' id='word_1_194' title='bbox 0 0 1623 5342; x_wconf 95' lang='lat' dir='ltr'><strong> </strong></span> 
     </span>
    </p>
   </div>
  </div>
 </body>
</html>
