3178 5312
453 561 522 638 152
568 573 653 632 ons
681 545 1118 628 nrt‘rrnouruosrs
1149 565 1373 644 novior,

449 721 715 817 Emissumque
730 715 807 791 ime
817 714 865 788 de
877 713 963 787 sede
979 711 1160 811 Typhoeo
1172 711 1300 786 Teme

451 850 648 925 Coelrtibus
661 847 789 924 fecisse
806 855 972 939 metum;
989 855 1220 942 cunctosque
1236 841 1383 918 dedisse

339 1039 349 1062 ,
394 1019 398 1028 ·
449 981 568 1080 Terga
582 980 680 1077 fugos
699 976 848 1053 :donec
858 975 971 1050 fessos
983 975 1159 1078 AEgyptis
1169 973 1285 1048 tellus

450 1109 620 1208 ceperit,
637 1121 674 1184 et
690 1119 831 1206 septem
847 1105 1031 1180 donnus
1047 1085 1091 1178 ii
1106 1106 1200 1180 ostia
1216 1103 1338 1181 Nilus.

449 1241 536 1316 Huc
552 1265 707 1337 quoque
720 1236 946 1336 terrigenam
956 1234 1104 1311 venisse
1117 1235 1300 1334 Typhoea
1309 1246 1459 1330 narrat,

449 1373 498 1448 Et
511 1397 550 1444 se
564 1367 733 1444 mentitis
747 1367 910 1466 Superos
924 1368 1058 1454 celasse
1071 1366 1202 1465 figuris
1209 1397 1221 1464 3

450 1501 618 1598 Duxque
630 1497 765 1598 gregis,
785 1497 903 1595 dixit,
919 1496 964 1571 fit
976 1498 1170 1603 iuppiter3
1188 1496 1292 1572 unde
1307 1497 1476 1573 recurvis

450 1632 563 1707 Nunc
571 1629 1034 1730 quoquefonnotuinbys
1044 1643 1193 1708 osteum
1200 1631 1379 1708 cornibus
1386 1631 1546 1710 Ammon.

451 1762 582 1836 Delius
598 1761 641 1834 in
655 1787 788 1857 corvo,
806 1761 929 1860 proles
942 1761 1122 1838 Semeleia
1137 1787 1270 1860 capro,

451 1891 536 1965 Fele
550 1917 654 1966 soror
668 1891 823 1987 Phoebi,
842 1891 956 1966 nivei
969 1891 1144 1966 Saturnis
1155 1891 1289 1989 vacet,

450 2018 555 2094 Pisce
566 2020 696 2096 Venus
709 2021 838 2118 latuit,
853 2019 1046 2118 Cyllenius
1059 2020 1176 2096 Ibidis
1190 2020 1271 2094 ulis.

502 2155 695 2230 Hactenus
710 2153 757 2229 ed
772 2151 957 2228 citharam
970 2154 1112 2228 vocalia
1125 2163 1295 2228 moverat
1310 2176 1388 2226 oro.

453 2279 650 2358 Poscimur
666 2289 676 2320 ³
693 2281 858 2357 Aonides
875 2310 883 2356 ε
903 2282 966 2356 sed
980 2281 1137 2356 forsitan
1153 2282 1229 2354 otia
1243 2304 1323 2353 non
1335 2279 1430 2375 sint,

451 2408 529 2487 Nec
545 2411 683 2487 nostris
698 2413 864 2509 praebere
878 2425 983 2487 vacet
998 2412 1069 2486 tibi
1084 2413 1257 2500 cantibus
1272 2435 1403 2484 aurem
1416 2421 1441 2482 ⁸.

451 2533 508 2616 Ne
521 2537 671 2636 dubita,
690 2551 936 2638 vestrumque
952 2541 1050 2616 mihi
1064 2541 1162 2616 refer
1175 2541 1310 2615 ordine
1325 2563 1491 2632 eur-men,

452 2667 571 2744 Pullos
586 2668 639 2742 uit
655 2697 663 2744 :
680 2669 918 2768 nemorisque
934 2671 1012 2745 levi
1024 2673 1194 2746 consedit
1209 2673 1252 2745 in
1267 2649 1415 2745 umbrtss

500 2800 609 2875 Musa
620 2799 734 2874 refert
752 2830 759 2874 :
779 2801 963 2876 Dedimus
977 2785 1163 2878 summam
1176 2803 1390 2878 certaminis
1407 2800 1485 2878 uni.

415 2947 422 2966 ¹
451 2925 599 3034 Surgit,
616 2945 652 3008 et
660 2934 852 3040 immissos
868 2933 1006 3010 hodert
1023 2935 1173 3010 collecta
1187 2935 1358 3033 capillos,

449 3069 615 3167 Calliope
629 3069 805 3167 querulas
822 3081 1019 3166 praetentat
1031 3071 1165 3168 pollice
1178 3071 1354 3166 chordes3

451 3199 578 3304 Atque
591 3204 674 3280 haec
686 3205 871 3302 percussis
887 3204 1080 3304 subjungit
1096 3205 1263 3281 carmina
1275 3203 1416 3281 nervis.

495 3417 505 3446 ¹
529 3411 571 3473 1ae
586 3414 673 3490 poete
687 3414 740 3472 itit
752 3414 843 3472 sentir
858 3417 886 3474 la
898 3417 1067 3476 hienseenee
1082 3413 1213 3478 modeste
1233 3419 1284 3476 des
1297 3421 1413 3486 Muses,
1429 3417 1481 3494 qui

451 3525 489 3571 tre
500 3531 530 3572 se
540 3512 671 3570 lever-ent
681 3531 761 3587 pour
770 3514 901 3584 chester,
911 3515 1048 3592 qu'opres
1058 3536 1076 3592 y
1087 3517 1172 3573 avoir
1182 3519 1227 3576 ete
1236 3515 1375 3585 invitees3
1386 3513 1482 3570 tendis

450 3612 511 3685 tpue
527 3609 569 3666 les
583 3597 713 3667 'Pierides
729 3612 981 3683 commeneerent,
1001 3631 1067 3670 sons
1083 3613 1217 3672 ottendre
1234 3633 1293 3690 que
1307 3613 1335 3670 le
1354 3623 1418 3670 sort
1431 3613 1481 3668 eut

449 3704 571 3774 decide,
585 3705 609 3762 si
622 3705 689 3763 elles
702 3705 901 3762 chontereient
914 3707 955 3766 les
967 3709 1135 3784 premieres.

492 3806 506 3836 ¹
529 3801 611 3859 Cette
623 3799 733 3858 creinte
745 3801 911 3879 obligeonte
925 3815 953 3860 et
964 3803 1086 3864 discrite
1099 3805 1135 3864 de
1147 3802 1257 3864 retenir
1266 3802 1400 3861 Minerve
1412 3815 1480 3877 trop

448 3897 610 3971 teng-tems
622 3895 798 3971 interrompt
808 3899 1023 3974 agrerblement
1032 3901 1060 3956 le
1071 3901 1141 3958 re'rit
1151 3900 1306 3972 d'Uronie,
1317 3910 1346 3956 et
1355 3901 1481 3974 prepare

446 3995 1479 4075 1’orrenriondu1ecteurauxtonangesdectrtschanrtesparcutiope.
