3178 5312
423 571 469 650 72
542 567 626 623 aas
655 535 1092 621 nursiamcasam
1124 550 1348 624 nomeu,

421 716 604 816 Gorgonis
612 711 843 812 anguicomae
857 707 1013 780 Perseus
1026 713 1240 802 superator,
1257 710 1294 776 et
1305 697 1376 771 ahs
1509 727 1512 734 λ
1576 677 1577 688 “

420 850 614 926 AEthereas
628 869 741 920 ausus
755 838 896 939 jactatis
909 837 965 911 irc
977 863 1045 936 per
1058 862 1187 932 auras3

419 979 623 1054 Praeferrer
635 973 781 1048 cunctis
793 973 892 1044 certe
904 993 1028 1066 gener.
1048 965 1197 1042 Addere
1212 964 1326 1038 tantis

421 1111 583 1188 Dotibus
596 1121 633 1182 et
642 1107 840 1197 meritum,
855 1101 1006 1176 faveant
1018 1097 1132 1174 modd
1145 1091 1324 1190 numina,
1338 1102 1455 1166 tento.

421 1238 474 1310 Ut
489 1235 651 1328 meant,
667 1219 812 1306 servata
825 1227 909 1301 mea
920 1228 1082 1321 virtute,
1098 1223 1276 1323 paciscor.

368 1429 370 1434 .
422 1365 626 1463 Accipiunt
638 1361 774 1458 legem,
790 1355 877 1454 quis
890 1353 994 1428 enim
1007 1350 1223 1428 dubitaret?
1235 1361 1272 1423 et
1285 1355 1416 1442 orant,
1535 1359 1542 1379 “

422 1497 732 1590 Promittuntque
745 1516 858 1588 super
869 1513 1029 1586 regnum
1042 1487 1180 1583 dotale,
1199 1496 1383 1584 parentes.

473 1629 567 1702 Ecce
579 1626 686 1701 velut
697 1623 828 1718 navis,
844 1619 1001 1718 praefixo
1015 1619 1159 1692 concita
1171 1629 1311 1713 rostro,
1430 1673 1434 1680 .

424 1758 550 1832 Sulcat
566 1781 697 1852 aquas,
716 1755 901 1848 juvenum
918 1749 1140 1824 sudantibus
1151 1759 1230 1821 acta
1240 1743 1409 1836 lacertia3

336 1927 338 1934 ·
424 1886 485 1960 Sic
497 1884 595 1980 fera,
613 1880 766 1956 dimotis
779 1879 946 1976 impulsu
959 1875 1117 1974 pectoris
1133 1873 1247 1948 undis
1264 1883 1293 1974 ¹,
1343 1938 1346 1942 .

422 2017 590 2089 Tantum
603 2015 729 2088 aberat
743 2009 923 2107 scopulis,
942 2017 1128 2105 quantum
1142 2004 1328 2078 Balearica
1342 2009 1443 2075 torto

422 2145 555 2220 Funda
567 2127 687 2241 potest
699 2141 856 2240 plumbo
873 2136 989 2211 medii
1002 2134 1254 2209 transmittere
1267 2129 1354 2205 coeli
1371 2159 1379 2204 :

411 2276 521 2367 ,Ciam
534 2275 659 2348 subiti>
673 2269 842 2370 juvenis,
861 2267 1020 2366 pedibus
1036 2264 1170 2338 tellure
1184 2261 1352 2360 repulsat,

424 2403 577 2478 Arduus
591 2404 633 2476 in
647 2401 767 2475 nubes
781 2399 886 2474 abiit.
905 2397 956 2470 Ut
969 2398 1011 2470 in
1020 2421 1171 2494 aequore
1188 2419 1337 2468 summo
1353 2398 1357 2404 '

422 2527 566 2604 Umbra
578 2528 655 2604 viri
665 2527 745 2602 visa
758 2539 830 2623 est,
844 2527 965 2601 visam
977 2523 1054 2598 fera
1068 2523 1175 2598 saevit
1188 2523 1229 2594 in
1242 2523 1429 2596 umbram.

422 2657 549 2754 thue
565 2656 669 2730 Jovis
686 2682 828 2754 praepes
844 2665 876 2753 ¹,
894 2681 1015 2729 vacuo
1028 2658 1116 2737 cum
1133 2653 1231 2728 vidit
1244 2655 1287 2726 in
1300 2677 1394 2727 arvo

423 2785 657 2860 Praebentem
674 2784 819 2857 Phoebo
833 2784 991 2858 tivantia
1007 2797 1107 2880 terga
1123 2782 1343 2876 draconem,

422 2918 592 3011 Occupat
605 2939 799 3010 aversum;
819 2940 895 2987 neu
909 2939 1008 2988 saeva
1024 2925 1239 3010 retorqueat
1250 2939 1335 3008 ora,

422 3045 673 3144 squamigeris
685 3044 816 3118 avidos
829 3045 911 3144 figit
923 3046 1134 3120 cervicibus
1147 3069 1293 3140 ungues
1310 3071 1320 3116 ε

419 3171 483 3246 sio
499 3170 610 3245 celeri
622 3169 752 3245 fissum
766 3196 909 3268 praepes
924 3195 993 3269 per
1005 3171 1119 3245 inane
1132 3171 1263 3244 volatu

421 3301 538 3397 Terga
550 3298 638 3374 ferae
654 3303 808 3400 pressit:
825 3301 1034 3398 dextroque
1050 3298 1244 3374 frementis
1258 3298 1301 3372 in
1316 3323 1423 3372 emto

419 3431 619 3508 Inachides
633 3430 779 3506 ferrum
796 3457 915 3506 curvo
928 3445 1039 3508 tenus
1056 3431 1338 3506 abdidit'hamo.

232 3601 237 3614 ·
362 3611 364 3618 ⁴
465 3597 474 3627 ¹
499 3595 541 3651 La
554 3593 759 3670 comparaison
774 3593 815 3651 du
828 3597 929 3652 natue
942 3597 1072 3671 exprime
1085 3615 1156 3652 avec
1166 3595 1246 3652 force
1256 3595 1343 3651 l'tlan
1354 3593 1456 3669 rapide

420 3693 464 3750 du
484 3698 641 3748 monstra:
662 3702 691 3747 et
712 3691 829 3767 t'agilitt
846 3691 882 3749 de
902 3695 1005 3751 Persea
1024 3695 1098 3750 n’est
1117 3711 1171 3768 pas
1190 3689 1286 3748 moins
1307 3690 1457 3748 vivemcnt

420 3790 518 3866 peinte
531 3808 586 3864 par
597 3791 625 3845 la
638 3789 794 3846 similitude
807 3789 844 3847 de
856 3791 960 3868 l'aigle.

463 3893 476 3922 ¹
499 3887 647 3962 Proepetes
667 3887 799 3943 dicuntur
818 3905 885 3944 aves
905 3890 1118 3965 majoresque·
1138 3889 1241 3946 votam
1260 3885 1347 3946 atticis
1367 3887 1456 3945 subti-

422 4004 562 4059 mensque.
