3178 5312
447 525 515 575 ιιι
560 513 646 574 nus
675 489 1112 573 utrsuournosus
1142 515 1371 598 mortun,

441 665 515 738 Sed
525 673 534 703 ¹
542 691 653 764 grave
660 641 865 741 Nereidum
871 689 1036 761 numen,
1051 664 1115 739 scd
1123 667 1294 766 corniger
1300 670 1484 773 Ammon,

441 795 514 870 Sed
528 823 614 894 quae
627 795 834 872 visceribus
848 797 1023 870 veniebat
1036 797 1162 872 bellua
1175 812 1293 898 ponto

437 927 698 1002 Exseturanda
710 925 816 1001 meis.
835 927 906 1000 lllo
918 927 990 1002 tibi
1004 939 1173 1027 tempore
1188 945 1295 1030 rapte
1308 947 1365 1025 est

438 1055 526 1144 Quo
538 1060 707 1156 peritura
718 1058 794 1133 fuit
811 1089 819 1132 :
837 1058 912 1132 nisi
926 1055 978 1157 si,
997 1059 1180 1158 crudelis,
1196 1059 1236 1135 id
1249 1063 1378 1161 ipsum

443 1183 590 1282 Exigis,
604 1195 650 1258 ut
662 1195 804 1282 pereat,
819 1183 1003 1281 luctuque
1015 1185 1186 1260 levabere
1204 1200 1348 1264 nostro.

439 1315 590 1390 Scilicet
600 1314 704 1390 haud
718 1315 804 1388 satis
817 1325 889 1411 est,
903 1314 1022 1413 quod,
1034 1329 1071 1388 te
1083 1331 1289 1416 spectante,
1301 1319 1470 1394 revincta
1478 1319 1546 1394 est?

439 1439 488 1514 Et
500 1441 644 1514 nullam
658 1438 760 1537 quod
774 1465 884 1535 opem
898 1451 1056 1535 patruus
1069 1465 1277 1536 sponsusve
1290 1443 1439 1520 tulisti?

435 1571 615 1670 Insuper,
634 1595 865 1668 aquoqusm
879 1567 982 1667 quod
1000 1571 1049 1644 sit
1067 1581 1229 1668 servata,
1244 1571 1407 1673 dolebis,

435 1697 671 1796 Praemiaque
682 1695 843 1793 eripies?
857 1721 942 1792 quae
959 1697 991 1770 si
1004 1696 1076 1770 tibi
1088 1721 1222 1796 magua
1234 1697 1440 1798 videntur,

434 1831 495 1906 Ex
506 1829 582 1904 illis
594 1828 778 1925 scopulis,
797 1826 865 1900 ubi
878 1838 987 1901 erant
1001 1826 1131 1925 affixe,
1148 1831 1313 1926 petisses.

435 1963 548 2039 Nunc
561 1964 665 2057 sine,
681 1959 750 2059 qui
764 1961 891 2057 petiit,
909 1985 978 2057 per
992 1987 1106 2057 quem
1120 1987 1199 2034 non
1212 1964 1303 2037 orba
1317 1973 1500 2054 senectus,
1578 1933 1579 1940 ἵ

437 2090 567 2188 Ferre,
583 2091 685 2189 quod
701 2101 737 2163 et
751 2089 895 2163 meritis
908 2101 946 2162 et
959 2115 1051 2163 voce
1065 2101 1120 2163 est
1132 2102 1263 2187 pectus
1280 2120 1288 2166 :
1305 2117 1469 2190 eumque
1578 2085 1579 2162 J

432 2219 520 2294 Non
533 2219 625 2316 tibi,
645 2217 709 2290 sed
726 2229 835 2290 certae
850 2217 1048 2314 praelatum
1064 2217 1229 2317 intellige
1246 2220 1374 2296 morti.
1578 2189 1579 2210 Χ

481 2349 550 2422 llle
561 2329 663 2420 nihil
677 2358 806 2420 contre
817 2346 898 2420 :sed
914 2358 951 2419 et
963 2347 1090 2444 hune,
1109 2360 1146 2421 ct
1156 2342 1289 2424 Persea
1305 2351 1420 2426 vultu

433 2481 590 2558 Alterno
603 2487 790 2578 spectans,
805 2491 906 2576 petat
918 2478 1025 2552 hunc
1037 2480 1202 2576 ignorat,
1219 2506 1269 2554 en
1285 2480 1409 2556 illum.

432 2618 714 2711 cunctatusque
728 2613 857 2709 brevi,
870 2591 1080 2687 contortam
1096 2613 1245 2688 viribus
1259 2613 1425 2712 hastam,

431 2743 599 2832 Quantas
611 2742 668 2815 im
684 2741 811 2838 dabat,
829 2741 1081 2839 nequicquam
1095 2741 1137 2814 in
1152 2741 1282 2815 Perseo
1294 2740 1410 2816 misit.

431 2875 485 2950 Ut
497 2877 600 2951 stetit
613 2875 677 2948 illa
692 2885 795 2970 toro,
812 2873 934 2946 stratis
949 2883 1033 2944 tum
1047 2869 1213 2967 denique
1225 2869 1383 2944 Perseus

429 3009 596 3084 Exsiluit
611 3039 618 3082 :
634 3007 784 3105 teloque
801 3006 910 3079 ferox
924 3004 1080 3079 inimica
1095 3003 1251 3078 remisso

430 3137 582 3212 Pectora
596 3137 775 3232 rupisset,
794 3133 869 3208 nisi
883 3146 968 3232 post
984 3134 1114 3208 altaris
1129 3133 1298 3207 Phineus

430 3264 548 3338 Isset:
565 3275 622 3360 et,
633 3262 843 3359 indignum
862 3265 896 3336 ⁸!
918 3261 1092 3336 scelerato
1108 3259 1254 3357 profuit
1270 3281 1345 3332 ara.

473 3443 483 3474 ¹
509 3441 673 3513 Quintilien
693 3441 746 3498 fait
768 3439 857 3498 sentis
878 3441 907 3498 ln
925 3439 1005 3498 soree
1025 3439 1062 3498 de
1081 3439 1110 3496 la
1129 3437 1274 3514 particule
1293 3433 1466 3510 disjunctive

429 3541 546 3616 repetes
556 3540 630 3596 trois
638 3538 694 3596 lois
703 3539 777 3597 dans
788 3551 833 3597 cet
844 3538 991 3614 exemph,
1004 3537 1078 3614 qu'il
1088 3535 1144 3596 cite
1155 3537 1201 3594 ch.
1216 3554 1273 3604 111,
1285 3533 1337 3591 liv.
1349 3551 1415 3604 vn,
1428 3532 1464 3590 de

430 3657 475 3698 ses
487 3638 673 3696 Institutions
687 3656 739 3696 sur
751 3637 779 3695 la
790 3637 971 3713 rhetos-ique.
988 3637 1038 3694 On
1050 3654 1068 3695 ι
1081 3635 1163 3694 steht
1175 3634 1248 3694 dans
1258 3633 1287 3693 le
1297 3633 1416 3693 version
1428 3631 1466 3690 dc

429 3736 607 3815 reproduire
622 3747 696 3794 cette
710 3734 867 3812 repetition
881 3733 1051 3793 redoublec.

470 3840 485 3870 ¹
508 3838 589 3895 Cette
601 3837 775 3914 parenthese
786 3837 975 3895 exclamative
987 3845 1030 3895 est
1043 3833 1115 3892 d’un
1128 3833 1197 3892 el'l'et
1210 3829 1424 3908 remarqnnlrle.
1438 3829 1463 3886 lt

431 3937 539 3996 semble
548 3956 607 4015 que
615 3936 736 4015 lepoete
745 3936 803 3999 soit
812 3935 1097 4000 temondensctne
1106 3933 1242 4015 tragique
1250 3931 1323 4011 qu’il
1332 3940 1461 3992 recente.
1512 3943 1517 3956 ·
