3214 5300
443 621 499 696 '34
567 633 652 692 uss
682 601 1129 689 uisiuonouosns
1155 600 1384 676 novius,

370 793 373 798 '
450 780 492 853 Si
505 803 581 877 qua
595 775 668 850 tibi
680 795 788 848 soror
800 779 874 862 est,
893 774 931 836 et
946 783 1032 858 quae
1048 753 1156 829 dedit
1167 753 1287 827 ubera
1301 741 1449 822 nutrix.

451 907 523 982 Sed
537 909 648 1004 longe
664 900 831 992 cunctis,
850 895 1034 990 longeque
1049 884 1241 985 potentior
1257 881 1356 976 illis,
1437 931 1446 952 .

450 1041 491 1114 Si
507 1065 583 1137 qua
599 1001 669 1112 tibi
685 1057 821 1134 sponsa
835 1040 908 1122 est;
925 1025 958 1099 si
971 1046 1087 1119 quam
1101 1017 1302 1116 dignabere
1315 1007 1424 1084 taedi.

450 1173 541 1246 Haec
553 1169 625 1244 tibi
640 1168 722 1242 sive
732 1164 858 1261 aliqua
869 1170 942 1254 est,
960 1177 1045 1228 mee
1061 1151 1111 1224 sit
1121 1147 1267 1222 furtiva
1281 1142 1473 1239 voluptas5

454 1302 530 1376 Seu
538 1298 646 1374 nulla
655 1310 729 1394 est,
742 1321 807 1393 ego
814 1294 887 1365 sim
899 1278 1380 1378 :thalamumqueineamus
1387 1268 1566 1348 eumdem.

452 1427 541 1503 Nais
554 1425 601 1499 ab
614 1423 675 1498 his
689 1419 808 1496 tacuit
826 1447 834 1491 :
848 1412 962 1514 pueri
973 1410 1095 1484 rubor
1107 1432 1173 1480 ora
1186 1402 1333 1478 notavit

451 1553 583 1630 Nescia
595 1549 689 1649 quid
703 1549 752 1623 sit
765 1568 872 1620 amor
891 1571 898 1615 :
915 1536 979 1612 sed
995 1549 1033 1610 et
1049 1533 1244 1608 erubuisse
1260 1530 1426 1604 decebat.

398 1699 409 1708 ”
453 1687 527 1764 Hic
540 1683 643 1759 color
655 1676 781 1778 aprici
794 1669 1048 1772 pendentibus
1061 1667 1195 1740 arbore
1207 1664 1348 1762 pomis,

455 1821 534 1895 Aut
550 1814 656 1891 ebori
667 1812 787 1885 tincto
801 1816 873 1901 est3
886 1813 954 1876 aut
966 1801 1038 1874 sub
1053 1797 1216 1872 caudore
1229 1795 1404 1890 rubenti,

456 1954 556 2036 Ciun
571 1949 713 2023 frustm
729 1949 908 2015 resonant
920 1961 995 2009 sera
1007 1930 1224 2028 auxiliaria,
1243 1931 1376 2004 Lunae.

504 2076 678 2155 Poscenti
690 2068 880 2171 Nymphae
897 2067 980 2139 sine
996 2063 1073 2138 fine
1090 2060 1233 2136 sororia
1247 2059 1378 2134 saltem

459 2209 613 2304 Oscula,
636 2206 788 2303 jamque
800 2221 936 2274 manus
951 2192 998 2267 ad
1012 2195 1178 2267 eburnea
1190 2189 1285 2264 colla
1299 2189 1457 2289 ferenti,

458 2337 636 2417 Desinis?
648 2361 699 2410 un
713 2331 842 2430 fugio?
857 2341 1080 2425 tecumque,
1095 2325 1165 2422 ait,
1179 2327 1250 2398 ista
1263 2321 1464 2421 relinquo?

461 2463 638 2547 Salmacis
650 2457 832 2536 extimuit
847 2483 855 2530 :
871 2451 1139 2552 Loeaquetaec
1154 2451 1226 2526 tibi
1239 2453 1359 2527 libera
1370 2449 1497 2547 trudo,

460 2600 626 2698 Hospes,
642 2595 695 2671 ait
712 2620 720 2665 :
736 2589 964 2687 simulatque
976 2588 1095 2687 gradu
1110 2585 1301 2662 discedere
1312 2609 1437 2660 verso.

459 2729 564 2804 Tum
573 2745 728 2823 quoque
737 2714 1432 2818 respiciens,fruticumquerecondita
1439 2711 1533 2790 silvi

459 2857 623 2938 Delituit
639 2885 647 2930 :
663 2853 886 2950 flexumque
898 2875 998 2950 genu
1016 2855 1026 2887 ¹
1044 2848 1232 2924 submisit.
1249 2845 1301 2920 At
1312 2845 1397 2945 ille,

461 2989 515 3065 Ut
526 3015 641 3089 puer,
657 2998 696 3062 ct
707 2985 837 3060 vacuis
851 2998 896 3060 ut
908 2984 1171 3058 inobservatus
1184 2981 1227 3054 in
1241 2979 1390 3076 herbis,

460 3124 548 3199 Huc
561 3123 612 3219 it3
631 3132 668 3228 et
679 3119 773 3192 hinc
787 3116 881 3190 illuc
900 3144 909 3190 t
928 3116 1023 3189 etin
1040 3110 1299 3188 alludentibus
1315 3109 1433 3184 undis

509 3295 520 3326 ¹
543 3288 626 3345 Cette
644 3285 740 3370 image
757 3299 775 3340 a
792 3282 838 3340 dte
856 3281 1036 3368 diveloppee
1049 3296 1106 3355 par
1121 3279 1281 3349 l'Arioste,
1298 3287 1328 3336 et
1344 3275 1433 3354 apris
1446 3275 1509 3344 lui,

462 3407 519 3466 par
531 3385 707 3468 Mnlfilitm
722 3383 797 3441 dnus
808 3392 884 3440 cette
895 3378 1076 3454 description
1088 3379 1260 3438 chamanto
1272 3398 1281 3435 ι

659 3513 835 3562 Discrttemcnt
848 3521 873 3559 ot
884 3509 954 3558 d'uoe
965 3510 1029 3558 mun
1040 3508 1135 3568 babile,

660 3598 698 3644 Eu
710 3595 817 3643 demunt
828 3595 851 3641 le
862 3593 973 3656 feutttsge
984 3591 1088 3650 mobile,

660 3679 730 3728 11⁸oess
742 3687 767 3726 ot
778 3676 879 3725 lbreille
891 3675 1025 3723 uidemus
1037 3683 1147 3734 ouverts,

660 3759 713 3808 Ello
725 3757 842 3822 rogudo,
854 3756 899 3804 elle
911 3756 996 3803 moute
1007 3769 1037 3802 ιιι
1048 3765 1157 3812 tenvem

660 3839 697 3888 Ne
709 3850 766 3902 pent
777 3838 832 3902 qu't
844 3839 915 3900 peine
927 3852 957 3884 en
967 3851 995 3884 ce
1007 3837 1069 3898 petit
1080 3835 1146 3894 asylo

660 3921 770 3972 Trouver
782 3936 807 3967 u
817 3919 899 3982 placo,
912 3927 936 3966 et
948 3919 1024 3966 cutm
1036 3916 1065 3964 de
1076 3933 1102 3964 se
1112 3925 1236 3974 montfort

661 3987 834 4049 ltt'nmamnt
847 4016 892 4048 son
904 4015 976 4062 corps
987 3997 1070 4060 scuple
1083 4007 1107 4045 et
1119 3995 1206 4058 incito,

660 4081 698 4131 lic
709 4099 735 4132 se
747 4093 811 4132 ment
822 4095 882 4146 pm,
894 4091 919 4130 et
929 4081 996 4130 n'osc
1008 4081 1123 4144 respires.
1199 4063 1203 4070 ⁵
