3218 5342
411 616 483 696 556
526 632 610 689 uss
640 599 1075 684 utramonruosus
1106 613 1329 689 rrovrnn,

403 845 457 922 X.
484 849 645 920 Iunctus
648 836 796 941 foedere
810 859 895 907 cum
906 829 1204 904 Atheniensibus
1213 827 1408 927 pusulam
1425 821 1452 894 d

457 973 592 1047 Minoi
603 967 783 1042 adversus
803 963 889 1036 illos
902 961 1052 1032 auxilia
1070 958 1233 1058 denegat
1244 959 1398 1030 AEacus.
1573 951 1574 962 ’

362 1153 368 1176 ’
458 1183 549 1256 Nec
565 1191 691 1250 tamen
707 1171 850 1270 (usque
863 1168 956 1243 adel)
969 1166 1069 1241 nulli
1082 1168 1227 1241 sincera
1242 1162 1433 1260 voluptas!

408 1312 643 1408 Sollicitique
654 1303 799 1402 aliquid
813 1303 908 1378 laetis
922 1301 1150 1375 intervenit!
1164 1301 1178 1398 )
1191 1301 1329 1397 AEgeus

409 1439 557 1515 Gaudia
571 1433 740 1535 percepit
750 1444 840 1506 nato
857 1455 988 1504 secura
1000 1440 1159 1527 recepto

410 1570 513 1646 Bella
528 1578 636 1666 parat
646 1564 772 1640 Minos
789 1590 797 1636 :
813 1559 882 1658 qui
894 1583 1126 1657 quamquam
1138 1553 1279 1651 milite,
1295 1571 1526 1651 quamquam.

407 1701 531 1777 Classe
544 1695 661 1790 valet3
676 1689 797 1789 patrii
808 1702 936 1762 tamen
952 1698 1006 1760 est
1018 1684 1257 1759 firmissimus
1272 1680 1349 1778 irs,

407 1831 672 1926 Androgeique
688 1847 818 1896 necem
832 1819 941 1916 justis
958 1815 1156 1890 ulciscitur
1167 1813 1282 1888 armis
1298 1805 1324 1888 *ζ

408 1956 509 2032 Ante
526 1967 654 2027 tamen
669 1947 813 2024 bellum
828 1946 932 2020 vires
947 1941 1112 2041 acquirit
1123 1942 1277 2037 amicas3

407 2085 571 2182 Quaque
584 2092 716 2179 potens
725 2076 898 2171 habitus,
914 2075 1064 2148 volucri
1071 2071 1167 2147 freta
1179 2073 1292 2146 classe
1304 2079 1482 2168 pereunt.

410 2211 512 2286 Hinc
524 2207 710 2306 Anaphen
720 2204 793 2279 sibi
806 2202 947 2300 jungit,
967 2213 1005 2275 et
1014 2201 1227 2299 Astypaleia
1239 2223 1374 2296 regna5

411 2342 611 2417 Promissis
623 2337 831 2436 Anaphen,
850 2359 963 2432 regna
976 2332 1189 2430 Astypaleia
1201 2333 1300 2406 bello
1306 2361 1317 2428 3

410 2466 512 2546 Hinc
525 2468 715 2544 humilem
727 2465 937 2562 Myconon,
953 2471 1169 2560 cretosaque
1181 2487 1272 2535 rura
1285 2459 1439 2556 Cimoli,

411 2590 906 2692 florentemqueCythnon,
916 2590 1078 2688 Scyron,
1090 2592 1315 2690 planamque
1323 2589 1521 2688 Seriphon,

407 2732 738 2825 Marmoreamque
749 2723 893 2820 Paron,
908 2723 1059 2820 quelque
1071 2725 1189 2822 impia
1201 2723 1370 2823 prodidit
1381 2749 1502 2799 arcem

412 2857 582 2930 Sithonis
596 2865 766 2950 accepto,
785 2853 888 2950 quod
905 2879 1018 2926 avara
1029 2869 1264 2953 poposcerat,
1283 2883 1397 2930 auro:

409 2975 556 3062 Mutata
564 2995 619 3058 est
631 2983 674 3056 in
687 3009 814 3081 avem,
831 3007 917 3080 quae
926 3010 1031 3057 nunc
1041 3011 1194 3083 quoque
1207 2987 1329 3085 diligit
1340 3013 1493 3084 aumm3

411 3116 524 3214 Nigra
538 3113 696 3212 pedem,
715 3113 832 3210 nigris
847 3113 968 3186 velata
982 3116 1185 3190 monedula
1197 3119 1345 3215 pennis.

461 3245 512 3317 At
521 3269 600 3320 non
613 3239 778 3341 Oliaros,
788 3242 1059 3344 Didymaeque,
1071 3259 1108 3319 et
1115 3247 1256 3344 Tenos,
1271 3258 1308 3320 et
1320 3247 1487 3344 Andros,

411 3377 460 3451 Et
475 3375 636 3474 Gyaros,
653 3373 861 3471 nitidaque
872 3373 979 3447 ferax
992 3377 1216 3474 Peparethos
1234 3377 1363 3477 olivae,

413 3503 631 3580 Gnossiacus
646 3505 778 3601 juvere
795 3516 891 3579 rates
909 3535 916 3578 :
936 3506 1050 3580 latere
1062 3507 1152 3581 inde
1165 3509 1319 3582 sinistro

404 3638 622 3735 'OEnopiam
636 3636 762 3710 Minos
777 3640 889 3735 petit,
904 3637 1092 3712 AEacide'ia
1107 3659 1230 3737 regna.

454 3819 464 3850 ¹
486 3814 584 3872 Minos
595 3813 692 3870 fsisuit
702 3833 762 3871 une
771 3833 878 3892 guerre
889 3814 986 3889 juste,
998 3815 1141 3892 puisqu'il
1152 3837 1188 3876 ne
1198 3819 1292 3876 s'ttait
1301 3823 1383 3877 armi
1393 3842 1451 3898 qua

408 3931 493 3989 pour
508 3933 619 3990 renger
636 3933 691 3970 son
703 3913 748 3971 fils
764 3915 937 3995 Androgeo,
951 3919 1002 3975 tue
1015 3935 1071 3992 par
1087 3917 1128 3977 les
1143 3919 1305 3980 Atheniens
1318 3917 1393 3980 dnus
1409 3922 1449 3978 les

404 4012 483 4093 deux
494 4015 610 4090 publica
623 4013 712 4074 d’uue
725 4016 794 4079 lete.
