3178 5312
425 591 496 666 140
540 604 625 660 eas
654 575 1095 666 Mirauonruosns
1127 601 1356 680 novius,

423 751 547 838 Quem
563 764 666 824 ratus
681 749 854 848 Astyages
867 748 1076 822 etiamnum
1091 749 1241 849 vivere,
1255 753 1369 850 longo

423 881 522 953 Ense
538 879 626 953 ferit
643 907 650 952 :
669 877 798 952 sonuit
812 875 1016 949 tinnitibus
1033 877 1132 950 ensis
1145 878 1277 952 acuu's.

420 1013 525 1088 Dum
540 1021 666 1107 stupet
678 1007 869 1106 Astyages,
887 1017 1063 1080 naturam
1081 1006 1198 1080 traxit
1213 1007 1404 1104 eamdem,

420 1141 707 1236 Marmoreoque
723 1148 850 1212 manet
865 1135 998 1209 vultus
1014 1137 1189 1209 mirantis
1207 1135 1250 1209 in
1263 1164 1340 1211 ore.

471 1275 633 1348 Nomina
648 1273 758 1370 longa
774 1295 880 1343 mora
898 1280 952 1341 est
968 1267 1093 1342 medial
1107 1267 1155 1341 dc
1171 1267 1278 1366 plebe
1293 1267 1473 1342 virorum

420 1403 554 1478 Dicere
572 1434 579 1478 ι
599 1407 656 1478 bis
674 1414 827 1477 centum
844 1400 1032 1474 restabant
1046 1426 1202 1497 corpora
1218 1426 1374 1498 pugnae,

331 1613 334 1621 ,
420 1534 610 1632 Gorgone,
629 1535 686 1609 bis
704 1545 857 1607 centum
871 1530 1071 1626 riguerunt
1087 1554 1260 1627 corpora,
1276 1529 1371 1602 visa.

417 1665 581 1740 Poenitct
597 1663 730 1760 injusti
746 1686 851 1734 nunc
864 1658 1031 1756 denique
1045 1657 1190 1732 Phinea
1205 1657 1309 1733 belli.

420 1792 490 1865 Sed
507 1790 601 1890 quid
618 1791 721 1890 agat?
736 1788 935 1862 simulacra
950 1785 1056 1860 videt
1073 1785 1224 1861 diversa
1239 1783 1391 1882 figuris,

417 1921 668 2019 Agnoscitque
685 1944 771 1992 suos
790 1945 797 1989 :
817 1928 854 1988 et
870 1915 1026 1988 nomine
1041 1942 1233 2014 quemque
1252 1927 1403 1989 voratos

416 2051 540 2125 Poscit
556 2077 666 2148 opem
682 2079 690 2124 :
707 2047 938 2142 credensque
955 2073 1111 2143 parurn,
1138 2047 1209 2119 sibi
1226 2046 1404 2143 proxima
1422 2045 1553 2144 tangit

418 2181 608 2276 Corpora:
626 2201 795 2252 marmor
813 2185 932 2246 erant.
950 2173 1166 2272 Avertitur,
1182 2189 1295 2273 atque
1312 2175 1365 2248 ita
1377 2176 1552 2274 supplex

418 2307 686 2404 Confessasque
702 2331 837 2380 manus
848 2310 880 2400 ¹,
899 2303 1128 2402 obliquaque
1139 2305 1293 2380 brachia
1309 2304 1492 2403 tendens,

416 2442 569 2540 Vincis,
588 2443 657 2539 ait,
673 2443 811 2516 Persen
828 2470 836 2514 ε
854 2465 1007 2514 remove
1023 2440 1102 2514 fera
1114 2453 1302 2538 monstra,
1321 2453 1478 2540 tuaeque

417 2574 595 2650 Saxificos
610 2575 761 2670 vultus,
777 2599 1028 2672 quacumque
1045 2557 1104 2671 ea,
1125 2575 1213 2648 tolle
1229 2573 1408 2650 Medusae.

417 2704 548 2800 Tolle,
567 2729 699 2802 precor
720 2732 727 2778 :
747 2731 826 2778 non
844 2731 913 2778 nos
930 2704 1082 2802 odium,
1106 2705 1260 2802 regnive
1274 2705 1416 2803 cupido

418 2837 611 2934 Compulit
624 2837 670 2909 ad
687 2837 831 2910 bellum
853 2866 860 2909 :
879 2863 950 2934 pro
966 2839 1121 2934 conjuge
1138 2836 1330 2910 movimus
1347 2863 1467 2936 anna,

417 2965 535 3038 Causa
548 2962 623 3038 fuit
635 2965 780 3040 meritis
801 2963 937 3039 melior
953 2977 1035 3062 tua,
1057 2978 1225 3063 tempore
1242 2977 1383 3039 nostra.

416 3097 501 3172 Non
515 3098 663 3172 cessisse
677 3098 787 3196 piget.
804 3097 930 3194 Nihil,
947 3097 969 3172 ὃ
990 3102 998 3172 !
1015 3096 1237 3194 fortissime,
1252 3109 1391 3195 praeter

416 3227 524 3304 Hanc
537 3230 703 3302 animam
719 3229 880 3304 concede
894 3229 994 3304 mihi
1011 3259 1019 3304 :
1039 3243 1105 3304 tua
1120 3240 1251 3306 caetera
1268 3243 1396 3305 sunto.

464 3359 569 3432 Talia
581 3360 740 3456 dicenti,
758 3387 882 3458 neque
896 3387 1002 3457 eum,
1022 3389 1137 3460 quem
1155 3389 1246 3436 voce
1259 3364 1428 3460 rogabat,

408 3488 612 3589 Respicere
628 3488 799 3585 audenti,
819 3489 952 3586 Quod,
974 3491 1042 3589 ait,
1061 3489 1300 3565 timidissime
1313 3489 1492 3590 Phineu,

458 3725 468 3757 ¹
491 3719 602 3774 Manus
612 3717 732 3789 junctas
751 3719 853 3793 quibus
873 3737 905 3776 se
922 3720 1030 3776 virtum
1038 3719 1165 3792 fatetur.
1187 3719 1269 3777 Cette
1287 3719 1457 3796 hyperbate

415 3813 528 3893 siguifie
540 3835 616 3891 que,
632 3834 688 3890 par
699 3817 727 3874 le
739 3829 819 3894 geste
831 3816 868 3875 de
881 3835 927 3877 res
938 3819 1032 3876 mains
1044 3820 1241 3896 suppliautes‚
1255 3819 1365 3878 Phinee
1378 3839 1458 3878 cou-

414 3914 489 3973 tesse
502 3933 533 3972 sa
543 3915 624 3972 faute
637 3927 667 3972 et
679 3914 823 3978 demande
837 3937 870 3979 sa
881 3935 977 3998 grace.
991 3919 1033 3978 La
1045 3919 1221 3996 repetition,
1234 3921 1302 3978 totle
1307 3959 1318 3991 ,
1326 3939 1456 3996 precor,
1585 3971 1586 3976 ,

417 4025 460 4072 σει
479 4015 728 4093 tris-expressive.
