3214 5300
437 555 484 634 26
553 569 636 624 urs
666 525 1109 626 udrsuonrnosss
1143 559 1368 634 o’ov1on‚

434 713 524 790 Vim
539 714 630 788 tulit
645 713 799 808 invitae,
813 708 1021 803 dicentem,
1037 706 1181 782 defodit
1194 706 1268 782 alta

435 847 586 924 Crudus
596 846 718 922 humo
731 871 738 918 :
749 843 1023 943 tumulumque
1036 866 1151 938 super
1157 839 1281 938 gravis
1288 839 1541 916 additarenae.

482 978 649 1075 Dissipat
661 976 768 1051 hunc
780 971 896 1048 radiis
910 972 1130 1070 Hyperione
1143 983 1256 1044 natus
1277 1000 1285 1045 :
1304 971 1455 1068 iterque

433 1113 509 1186 Dat
521 1109 611 1202 tibi,
628 1133 706 1206 quo
723 1106 843 1205 possis
859 1089 1025 1178 defossos
1038 1127 1212 1202 promere
1226 1101 1372 1177 vultus.
1533 1094 1537 1100 ’

435 1243 512 1318 Nec
527 1253 571 1314 tu
583 1243 823 1342 jamlpoteras
836 1227 1013 1310 enectum
1027 1233 1196 1334 pondere
1212 1246 1323 1310 terrm

434 1371 595 1469 Tollere,
604 1367 795 1468 Nympha,
806 1379 1157 1466 caput200rpusque
1168 1367 1523 1466 exsanguejacebas.

435 1503 499 1578 Nil
512 1503 579 1576 illo
586 1500 710 1575 fertur
717 1499 922 1574 volucrum
935 1497 1151 1573 moderator
1164 1523 1353 1597 equorum

434 1631 526 1722 Postv
536 1630 814 1705 Phaethonteos
825 1629 966 1706 vidisse
980 1628 1172 1704 dolentius
1185 1629 1301 1728 ignes.
1401 1717 1403 1721 v

437 1761 505 1838 Ille
518 1760 676 1860 quidem
691 1760 850 1860 gelidos,
866 1759 1064 1870 radiorum
1077 1759 1247 1856 viribus,
1266 1771 1390 1858 artus,

437 1897 477 1971 si
494 1907 627 1995 queat,
647 1896 691 1969 in
706 1896 846 1970 rivum
859 1905 979 1970 tarnat
993 1917 1170 1970 revocare
1183 1893 1358 1968 calorem.
1387 1945 1390 1950 -

485 2028 576 2126 Sed,
596 2028 779 2127 quoniam
794 2028 910 2102 tantis
923 2025 1045 2100 fatum
1059 2025 1255 2100 conatibus
1268 2025 1410 2121 obstat,

437 2157 594 2234 Nectere
607 2155 764 2230 odorato
779 2156 918 2254 spargit
931 2180 1146 2252 corpusque
1160 2154 1384 2252 locumque5

436 2284 634 2382 Multaque
648 2296 904 2383 praequestus,
921 2284 1064 2382 Tanges
1073 2297 1200 2358 tamen
1215 2284 1356 2360 aethera
1366 2293 1397 2385 ¹,
1412 2285 1529 2361 dixit.

358 2408 362 2418 Χ
437 2417 617 2493 Protinus
632 2417 829 2492 imbutum
845 2412 988 2490 o'oelcsti
1000 2427 1150 2490 nectare
1167 2441 1305 2514 corpus

439 2547 626 2644 Delieuit,
643 2560 861 2643 terramque
878 2571 948 2620 suo
963 2545 1160 2622 madefecit
1172 2547 1306 2646 odore3

438 2681 647 2780 Virgaque,
661 2707 734 2779 -per
744 2680 866 2780 glebas
880 2681 1021 2756 sensim
1037 2681 1229 2758 radicibus
1241 2683 1353 2780 actis,

301 2827 311 2857 '
440 2813 566 2889 Turea
581 2813 767 2911 surrexit,
786 2813 1059 2912 tumulumque
1072 2814 1270 2890 cacumine
1283 2811 1402 2912 rupit.
1514 2812 1515 2815 ’

663 3025 710 3102 V.
747 3027 867 3126 Clytie
882 3029 960 3102 aive
976 3029 1266 3133 Heliotropium.

490 3240 553 3315 Ar
567 3236 735 3336 Clytien,
752 3237 928 3334 quamvis
940 3261 1047 3310 amor
1063 3261 1242 3310 excusare
1254 3233 1446 3331 dolorem,

442 3366 710 3464 Indiciumque
722 3366 832 3441 dolor
845 3379 1010 3466 poterat,
1030 3393 1110 3440 non
1126 3365 1290 3466 amplius
1302 3379 1435 3442 auctor

443 3504 555 3582 Lucis
567 3503 647 3578 adit
665 3503 921 3600 :Venerisque
934 3501 1091 3576 modum
1105 3499 1179 3574 sibi
1196 3497 1285 3574 fecit
1301 3499 1343 3606 in
1357 3498 1434 3574 illd.
1530 3538 1544 3562 a

442 3638 583 3713 Tabuit
595 3661 645 3712 ex
660 3635 747 3732 illo,
762 3633 958 3709 dementer
974 3634 1167 3710 amoribus
1180 3656 1268 3726 usa,

488 3828 497 3860 ¹
518 3824 561 3882 La
571 3839 687 3896 vapeur
697 3818 734 3876 de
744 3819 871 3880 l'encens
883 3817 986 3875 s'neve
995 3814 1069 3872 dans
1081 3815 1122 3872 les
1133 3815 1203 3884 aire,
1213 3825 1242 3870 et
1254 3811 1363 3869 semble
1373 3821 1492 3868 montes·

446 3941 488 3980 au
500 3921 563 3978 olel.
579 3917 668 3976 lte-lt
683 3917 825 3976 l'illusion
838 3916 1010 3975 consolante
1023 3933 1082 3995 que
1094 3933 1124 3975 se
1136 3913 1190 3974 tait
1201 3911 1332 3990 Apollon
1342 3951 1352 3982 ,
1363 3909 1441 3970 dans
1452 3911 1494 3968 les

446 4019 563 4098 perolas
576 4037 635 4094 que
649 4017 676 4074 le
689 4017 778 4096 poete
789 4015 835 4076 lui
847 4013 943 4094 prtte.
