3218 5342
408 506 479 581 528
523 521 605 577 uus
634 491 1073 575 ndrauonruoses
1104 513 1336 592 novior,

408 669 577 768 Vicerat3
593 682 649 768 et,
664 680 789 766 spreto
803 666 911 742 toties
927 665 1045 740 iratus
1058 691 1203 765 amore,

405 800 566 874 Praemia
580 797 749 898 poscenti
761 808 915 872 taurum
929 821 1104 893 suprema
1120 797 1288 894 negabat.

407 925 476 1000 Ille
489 925 721 1024 indignatus,
737 925 874 1022 Cupies
886 925 996 1023 dare,
1016 924 1116 998 dixit
1133 955 1141 998 :
1158 938 1195 1000 et
1207 927 1283 1001 alto

302 1101 305 1106 -
407 1055 571 1148 Desiluit
583 1083 684 1132 saxo.
704 1056 842 1130 Cuncti
855 1055 1029 1130 cecidisse
1042 1057 1244 1153 putabant:

306 1253 310 1264 .
408 1183 541 1259 Factus
555 1185 637 1258 olor
649 1183 771 1257 niveis
783 1183 970 1281 pendebat
982 1183 1024 1258 in
1038 1187 1122 1258 ae'ra
1136 1181 1285 1282 pennis.

457 1315 508 1390 At
520 1317 686 1414 genitrix
698 1316 835 1413 Hyrie,
854 1314 993 1389 servati
1005 1313 1151 1410 nescia,
1165 1310 1293 1386 flendo

407 1445 593 1543 Delicuit‚
613 1457 861 1544 stagnumque
876 1472 945 1520 suo
961 1443 1181 1520 denomino
1198 1443 1286 1519 fecit
1302 1449 1326 1516 ¹.

458 1575 612 1674 Adjaoet
624 1576 686 1650 his
697 1577 880 1675 Pleuron,
896 1578 937 1651 in
950 1603 1027 1675 qua
1040 1576 1315 1676 trepidantibus
1327 1575 1396 1650 alis

409 1706 554 1804 Ophias
571 1707 700 1805 effugit
716 1720 892 1782 natorum
910 1709 1071 1788 vulnera
1087 1709 1238 1781 Combe.

408 1839 503 1914 Inde
519 1841 706 1915 Calaureae
720 1841 894 1916 Latoidos
911 1842 1044 1939 aspicit
1060 1867 1166 1935 arva,

407 1971 455 2044 In
470 1969 664 2044 volucrem
678 1970 777 2042 versi
793 1996 881 2044 cum
895 1973 1052 2067 conjuge
1068 1969 1216 2043 conscia
1227 1967 1335 2068 regis.

332 2151 336 2161 ι
408 2103 573 2180 Dextera
586 2098 738 2196 Cyllene
751 2111 807 2172 est
824 2127 831 2173 :
847 2098 889 2172 in
905 2099 981 2197 quai
996 2127 1085 2174 cum
1098 2111 1218 2174 matre
1229 2095 1463 2194 Menephron

409 2228 691 2304 concubiturus
704 2241 803 2325 erat,
818 2254 1002 2304 saevarum
1016 2255 1122 2304 more
1135 2227 1316 2302 ferarum.

409 2359 597 2458 Cephison
614 2359 748 2457 procul
761 2359 853 2433 hinc
870 2358 1072 2434 deflentem
1090 2359 1164 2433 fata
1180 2358 1325 2456 nepotis

409 2490 590 2589 Respicit,
609 2492 651 2564 in
668 2479 854 2568 tumidam
869 2492 1016 2590 phocen
1029 2495 1075 2568 ab
1089 2493 1264 2592 Apolline
1278 2491 1396 2588 versi3

408 2621 633 2718 Eumelique
649 2602 807 2696 domum
823 2624 984 2721 lugentia
998 2625 1042 2697 in
1054 2628 1139 2697 a'e're
1154 2631 1292 2696 natam.

355 2835 358 2842 ⁴
457 2751 628 2827 Tandem
642 2751 804 2848 vipereis
821 2753 1002 2853 Ephyren
1017 2753 1195 2832 Pirenida
1208 2753 1344 2853 pennis

410 2880 574 2978 Contigit
591 2910 599 2954 :
618 2881 683 2954 hie
696 2907 779 2957 aevo
797 2895 940 2958 veteres
954 2886 1126 2960 mortalia
1142 2888 1268 2984 primo

410 3011 576 3108 Corpora
588 3010 794 3108 vulgarunt
805 3015 1037 3112 pluvialibus
1052 3015 1151 3090 edita
1163 3015 1289 3114 fungis
1301 3021 1327 3089 ¹.

448 3227 460 3260 ¹
481 3227 573 3300 Hyn'e
582 3229 663 3283 lacus
672 3242 714 3285 est
720 3231 855 3287 Boeotioe.
868 3231 971 3306 Neque
980 3234 1056 3289 emin
1067 3233 1206 3289 Medeam
1216 3232 1389 3289 eredendum
1398 3245 1440 3289 est

407 3323 472 3380 edm
485 3326 670 3399 tantumjam
688 3328 813 3402 pralium
827 3321 944 3385 emensa
957 3329 1047 3400 esset,
1066 3331 1140 3388 reud
1154 3344 1241 3406 etque
1259 3329 1335 3386 ultrix
1352 3329 1440 3404 quem

409 3435 539 3498 creperet
552 3424 643 3480 subdo
657 3427 875 3497 ectamsuisse:
888 3429 943 3485 sed
954 3430 992 3485 de
1003 3431 1129 3486 Boeotioe
1141 3433 1205 3486 loeo
1216 3429 1439 3504 intelllgrndum.

409 3527 457 3580 lea
471 3537 501 3580 et
509 3525 617 3580 itineris
628 3527 702 3581 ratio
708 3530 857 3600 postulat,
870 3530 976 3584 etitem
989 3529 1070 3604 quod
1078 3530 1179 3587 eedem
1191 3530 1352 3601 reseruntur
1362 3532 1442 3584 lacus

356 3625 359 3635 ’
410 3621 515 3696 Hyries
524 3635 553 3678 ee
564 3621 689 3698 Cygnet'a
700 3625 816 3701 Tempe.
826 3623 954 3700 Cygnet'a
963 3639 1061 3687 autem
1072 3627 1190 3684 Ovidius
1199 3645 1320 3684 vocasse
1327 3627 1444 3682 videtur

407 3721 447 3776 ab
459 3734 578 3790 eventu,
594 3723 674 3796 praed
685 3722 762 3779 circei
774 3722 839 3780 Iuec
844 3745 942 3801 puer,
959 3727 997 3784 de
1010 3745 1067 3802 quo
1081 3727 1128 3784 lde
1140 3728 1259 3796 dieitur,
1274 3727 1306 3782 in
1317 3745 1441 3806 εγςηωη

408 3819 666 3891 conversussuerr't.
1433 3849 1439 3862 ·

450 3935 463 3967 ²
485 3935 576 4010 Apud
585 3934 749 3994 Corinthum
762 3935 916 4013 anaqut’er'es
925 3936 1168 4020 damnassem
1175 3937 1323 4015 exsurgis
1334 3949 1419 3996 onos·
