3210 5324
320 548 324 556 '
438 537 509 611 250
553 553 638 608 aas
669 524 1115 608 neranoniuoses
1142 553 1370 630 n’ovrnn,

483 705 568 776 Non
579 729 684 775 secus
698 703 857 797 exarsit,
875 699 1070 798 conspecti
1088 704 1254 800 virgine,
1273 705 1434 804 Tereus,

434 834 558 920 Quina
575 832 709 930 siquis
726 831 829 904 canis
842 830 968 928 ignem
983 843 1171 928 supponat
1184 831 1325 931 aristis,-

435 963 512 1036 Aut
524 963 718 1058 frondem,
733 961 947 1058 positasque
961 973 1102 1034 cremet
1116 959 1313 1036 foenilibus
1332 969 1341 998 ¹
1357 963 1497 1042 herbas.

433 1089 555 1186 Digna
567 1089 723 1186 quidem
736 1088 846 1164 facies
863 1117 870 1161 :
887 1088 950 1162 sed
966 1087 1118 1162 ethunc
1132 1089 1264 1164 innata
1275 1091 1395 1166 libido

431 1217 661 1292 Exstimulat
677 1246 684 1290 :
700 1242 944 1314 pronumque
955 1241 1073 1314 genus
1087 1217 1304 1314 regionibus
1317 1219 1395 1292 illis

398 1399 400 1403 -
433 1351 479 1424 In
492 1349 678 1424 Venerem
693 1361 758 1422 est.
775 1349 918 1446 Flagrat
930 1349 1026 1422 vitio
1039 1350 1234 1448 gentisque
1247 1363 1260 1392 ⁸
1274 1377 1432 1452 suoque.

480 1480 647 1578 Impetus
661 1491 715 1554 est
729 1480 805 1575 illi,
825 1480 1009 1554 comitum
1024 1507 1268 1579 corrumpere
1282 1510 1432 1581 curam,

431 1610 675 1706 Nutricisque
687 1609 800 1682 fidem
818 1639 826 1684 :
843 1637 913 1682 nec
927 1637 1005 1684 non
1019 1611 1236 1710 ingentibus
1250 1615 1372 1712 ipsam

432 1742 638 1816 Sollicitare
653 1742 766 1839 datis,
782 1753 983 1840 totumque
996 1742 1215 1840 impendere
1227 1771 1407 1841 regnum3

432 1874 511 1948 Aut
523 1899 673 1972 rapere,
692 1885 729 1946 et
743 1897 842 1946 saevo
857 1885 1002 1968 raptam
1016 1871 1218 1948 defendere
1230 1875 1341 1948 bello.

265 2103 270 2126 .
320 2040 323 2046 ¹
430 2007 478 2080 Et
492 2007 591 2080 nihil
605 2019 678 2104 est,
694 2006 796 2105 quod
811 2033 889 2080 non
907 2005 1060 2080 effraeno
1073 2019 1203 2104 captus
1220 2035 1348 2084 amore

430 2139 542 2214 Ausit
560 2171 567 2214 :
584 2167 653 2215 nee
669 2142 825 2239 capiunt
838 2141 1001 2214 inclusas
1014 2153 1164 2238 pectora
1176 2144 1359 2218 flammas.

476 2275 637 2370 Jamque
650 2299 774 2348 moras
786 2273 882 2346 male
896 2272 988 2367 fert3
1004 2270 1219 2370 cupidoque
1229 2275 1441 2346 revertitur
1452 2300 1514 2347 ore

430 2401 489 2476 Ad
506 2403 681 2476 mandata
694 2404 875 2498 Procnes,
892 2413 929 2478 et
941 2402 1015 2500 agit
1028 2430 1097 2478 sua
1110 2415 1198 2478 vota
1215 2405 1287 2480 sub
1301 2402 1390 2477 illis.

428 2529 650 2605 Facundum
664 2532 821 2606 faciebat
833 2559 940 2608 amor
952 2533 1193 2632 :quotiesque
1206 2533 1357 2630 rogabat

429 2649 598 2736 Ulterius
614 2667 734 2761 justo,
752 2665 925 2738 Procnen
939 2664 991 2738 ita
1004 2665 1101 2739 velle
1117 2663 1270 2738 ferebat.
1295 2749 1296 2752 Ἴ

429 2791 589 2866 Addidit
602 2805 640 2865 et
656 2793 860 2890 lacrymas,
880 2805 1062 2890 tanquam
1074 2790 1287 2869 mandasset
1300 2803 1338 2863 et
1353 2790 1449 2866 illas.

430 2921 504 2996 Pro
518 2923 654 3020 Superi
668 2927 675 2997 !
696 2936 885 3020 (priamum
899 2923 1073 2998 mortalia
1089 2935 1238 3022 pectora
1251 2949 1357 2998 caeeae

429 3057 557 3130 Noctis
572 3055 735 3129 habent!
757 3057 843 3152 Ipso
858 3057 1005 3161 sceleris
1019 3056 1219 3132 molimine
1232 3055 1375 3130 Tereus

432 3181 610 3255 Creditur
625 3183 704 3279 ipse
721 3183 826 3280 pius,
846 3184 1108 3282 laudemqnea
1125 3183 1285 3260 crimine
1298 3185 1429 3256 sumit.

432 3310 674 3408 Quidtquod
684 3311 785 3386 idem
793 3311 1360 3410 Philomelaeupit:patriosque
1369 3309 1518 3382 lacertis

431 3444 575 3517 Blanda
588 3457 721 3540 tenens
735 3443 936 3540 humeros,
957 3457 1000 3516 ut
1015 3455 1074 3518 eat
1087 3444 1216 3516 visura
1230 3465 1418 3536 sororem,

433 3579 579 3677 Perque
594 3607 721 3677 suam,
739 3592 945 3676 contraque
965 3607 1090 3675 suam,
1110 3581 1203 3676 pont
1221 3601 1363 3684 usque,
1381 3575 1557 3648 salntem.

475 3778 484 3808 ¹
513 3780 628 3850 Quanto
638 3776 812 3834 Philomelae
824 3780 931 3834 ardore
945 3776 1148 3848 Tereussneric
1159 3777 1363 3848 irfflammatas
1375 3772 1475 3848 aperte

433 3875 478 3931 his
491 3876 724 3933 similitudinibus
737 3877 911 3934 declaretur.

479 3977 491 4006 ⁸
518 3971 642 4032 Thraces
657 3977 732 4032 eruin
746 3975 875 4052 ingenuo
887 3976 1006 4034 libidine
1017 3979 1048 4035 in
1062 3976 1196 4034 mulieres
1208 3976 1400 4032 sn'inulantnr.
