3170 5304
389 493 460 565 250
508 505 592 560 aas
621 474 1061 558 nb‘rauoaruosus
1091 499 1315 578 n2ov1nn,

386 653 475 728 Pars
489 649 604 739 ibide
618 660 759 746 septem
774 646 908 744 genitis
925 645 1142 744 Amphione
1155 647 1269 723 fortes

386 775 656 852 Conscendunt
669 775 712 846 in
730 799 865 870 equos,
882 771 1077 872 Tyrioque
1091 777 1267 850 rubentia
1280 773 1369 850 fuco

385 907 503 1005 Terga
514 915 695 1006 premunt
703 934 713 1002 3
729 929 899 1002 sumque
908 929 1038 1003 graves
1049 907 1296 984 moderantur
1307 909 1486 983 habenas.

384 1039 417 1115 E
431 1041 570 1137 quibus
583 1039 770 1134 Ismenos,
786 1038 856 1135 qui
869 1039 983 1112 matri
999 1041 1145 1114 sarcina
1161 1041 1355 1138 quondam

384 1171 513 1246 Prima
529 1197 607 1244 suae
619 1170 761 1264 fuerat,
777 1169 871 1242 dum
887 1181 1034 1244 ceruam
1051 1171 1169 1246 flectit
1181 1173 1224 1246 in
1238 1173 1369 1246 orbem

384 1301 656 1402 Quadrupedes
672 1327 823 1397 cursus,
845 1303 1140 1402 spumantiaque
1153 1333 1218 1380 ora
1230 1309 1396 1400 coercet3

385 1433 459 1510 Hei
472 1433 591 1509 mihi!
610 1431 832 1530 conclamat3
851 1431 1054 1532 medioque
1063 1433 1104 1508 in
1121 1445 1270 1532 pectore
1281 1430 1386 1506 fixus

385 1559 476 1634 Tela
492 1560 602 1657 gerit,
619 1557 823 1656 fraenisque
836 1585 954 1632 manu
971 1561 1159 1635 moriente
1170 1559 1357 1659 remissis,

315 1761 321 1776 ,
384 1687 431 1763 In
444 1688 541 1762 latus
555 1713 576 1761 a
589 1685 725 1760 dextro
738 1687 921 1784 paulatim
938 1687 1075 1765 delluit
1089 1717 1208 1767 armo

434 1817 658 1914 Proximus,
675 1817 807 1891 audito
822 1818 952 1891 sonitu
965 1821 1157 1917 perinane
1169 1821 1373 1920 pharetrae,

385 1953 516 2026 Fraena
529 1952 639 2025 dabat
654 1951 805 2049 Sipylus
823 1979 831 2024 :
847 1952 969 2026 veluti
982 1979 1072 2028 cum
1088 1954 1267 2053 praescius
1282 1951 1419 2026 imbris

384 2086 494 2161 Nube
506 2083 602 2182 fugit
616 2083 716 2180 visai,
732 2083 1012 2183 pendentiaque
1026 2086 1200 2186 undique
1212 2099 1335 2161 rector

385 2218 543 2292 Carbasa
555 2213 709 2290 deducit
723 2242 771 2290 ne
788 2217 864 2314 quet
880 2218 975 2292 levis
989 2220 1116 2294 effluat
1131 2245 1235 2294 aura.

359 2364 362 2373 '
385 2349 515 2424 Fraena
527 2349 639 2423 dabat
655 2377 663 2424 :
679 2349 832 2424 dantem
848 2375 928 2424 non
942 2353 1117 2428 evitabile
1129 2355 1249 2430 telum

292 2561 295 2567 A
386 2481 665 2578 Consequitur:
684 2479 908 2580 summique
920 2495 1087 2560 tremens
1100 2489 1246 2561 cervice
1261 2485 1390 2583 sagitta

381 2607 517 2706 Haesit,
536 2620 573 2682 et
591 2609 757 2683 exstabat
771 2611 922 2687 nudum
935 2611 982 2686 de
994 2627 1147 2711 gutture
1156 2614 1314 2704 ferrum.

380 2743 467 2840 Ille,
485 2753 531 2816 ut
544 2755 621 2818 erat
635 2769 799 2842 pronus,
818 2771 887 2843 per
900 2746 995 2820 colla
1008 2747 1170 2822 admissa
1183 2749 1366 2846 jubasque

378 2871 575 2969 Volvitur3
591 2885 628 2946 et
641 2873 760 2948 calido
774 2875 950 2952 tellurem
965 2880 1145 2978 sanguine
1158 2879 1285 2956 foedat.

425 2997 645 3073 Pbaedimus
658 2999 814 3100 infelix,
831 3016 887 3102 et,
903 3005 998 3078 aviti
1011 3008 1180 3082 nominis
1194 3007 1323 3105 heres,

380 3125 578 3226 Tantalus,
594 3141 640 3203 ut
653 3131 762 3204 solito
776 3131 892 3206 finem
905 3134 1119 3234 imposuere
1131 3138 1267 3233 labori,

378 3257 622 3332 Transierant
638 3260 684 3333 ad
699 3286 794 3358 opus
808 3263 940 3338 nitidae
953 3268 1121 3360 juvenile
1133 3267 1335 3364 palaestrae3

376 3389 424 3463 Et
436 3391 511 3484 jam
526 3389 763 3465 contulerant
776 3405 878 3466 arcto
891 3395 1073 3468 luctantia
1088 3421 1193 3469 nexu

372 3517 526 3592 Pectora
539 3517 772 3616 pectoribus3
791 3521 896 3618 ciam,
912 3533 1017 3596 tento
1034 3524 1180 3597 concita
1194 3545 1335 3618 cornu,

371 3650 477 3724 Sicut
490 3661 597 3724 erant
608 3651 747 3749 juncti,
767 3655 910 3750 trajecit
923 3667 1133 3753 utrumque
1149 3654 1288 3752 sagitta.

370 3775 591 3875 Ingemuere
604 3779 719 3882 simul¹
736 3809 744 3854 :
763 3783 879 3856 simul
891 3785 1090 3861 incurvata
1106 3785 1236 3860 dolore

370 3903 540 3980 Membra
554 3907 633 3982 solo
649 3911 807 4006 posuere
825 3941 833 3988 :
849 3913 964 3992 simul
978 3943 1153 4015 suprema
1165 3920 1327 4013 jacentes
