3218 5342
416 538 491 638 '550
532 581 618 636 nus
648 552 1089 634 ninsnoueuoscs
1120 580 1352 656 movsen,

417 772 538 847 v111.
571 777 619 847 In
643 775 821 846 Creusam
842 785 881 845 et
897 774 1079 846 Iasonem
1100 775 1294 850 ulciscitur
1311 741 1462 852 Medea.

465 904 583 1004 Fugit
604 902 660 974 od
684 903 810 1000 AEgaei
832 903 993 990 aulem,
1019 902 1086 978 ubi
1113 905 1297 980 Theseum
1327 933 1462 984 veneno

465 1035 592 1106 tollere
618 1031 833 1106 meditatur.

464 1225 552 1300 Suu
565 1240 649 1326 post
662 1227 779 1325 quim
793 1221 941 1300 Colchis
955 1225 1047 1300 arsit
1062 1251 1162 1302 nova
1176 1211 1299 1328 nuptu
1311 1229 1481 1324 venenis,

301 1367 305 1376 '
416 1361 725 1462 Flsgmntemque
738 1360 898 1435 domum
911 1357 1007 1455 regis
1021 1384 1125 1434 mare
1140 1358 1240 1433 vidit
1256 1339 1477 1458 utrunique3

415 1490 603 1590 Sanguine
616 1501 794 1567 natorum
808 1486 1057 1587 perfunditur
1072 1487 1216 1585 impius
1234 1490 1354 1564 ensis:

414 1625 576 1724 Uimque
588 1651 628 1700 se
640 1625 738 1699 male
754 1633 892 1718 mater,
912 1623 1054 1696 Iasonis
1072 1622 1202 1721 effugit
1216 1649 1335 1698 arma.

414 1751 514 1828 Hinc
526 1749 729 1826 Titaniacis
745 1749 866 1824 ablata
878 1749 1125 1846 draconibus,
1145 1751 1263 1826 intrat

414 1881 593 1954 Palladius
607 1907 708 1956 arces
727 1910 735 1956 ε
751 1905 837 1979 quae
851 1892 904 1976 te,
923 1877 1127 1976 justissime
1143 1880 1317 1978 Phineu,

414 2010 561 2111 Teque,
578 2039 695 2086 senex
708 2011 889 2110 Peripha,
909 2012 1052 2110 pariter
1065 2012 1401 2110 vidirenolantes,

413 2140 668 2238 Innixamque
681 2141 792 2215 novis
806 2153 957 2237 neptem
974 2143 1241 2240 Polypemonis
1258 2143 1342 2217 alis.

461 2269 613 2367 Excipit
625 2269 724 2342 hanc
737 2269 897 2368 AEgeus,
911 2269 1008 2343 facio
1025 2269 1265 2346 damnandus
1279 2272 1323 2344 in
1340 2296 1435 2344 uno:

411 2403 488 2476 Nec
495 2401 581 2474 satis
588 2401 799 2500 hospitium
807 2412 862 2473 cst
867 2458 878 2496 ,
888 2398 1046 2474 ssialmni
1055 2393 1208 2498 quoque
1215 2397 1358 2474 foedere
1368 2395 1488 2496 jungit.

413 2535 571 2632 Jamque
585 2535 712 2608 sderm
724 2533 912 2632 Theseus,
929 2533 1052 2636 proles
1066 2539 1193 2632 ignara
1206 2532 1357 2630 parenti
1375 2541 1402 2631 ¹,

413 2665 491 2753 Qui
505 2668 649 2740 virtute
662 2669 729 2739 sui
746 2668 930 2742 bimarem
945 2675 1142 2764 pacaverat
1155 2663 1342 2738 Isihmon.

412 2791 536 2887 Hujus
553 2792 596 2866 in
613 2793 776 2866 exitium
790 2795 922 2867 miscet
933 2793 1083 2890 Medea,
1103 2792 1206 2891 quod
1222 2790 1317 2865 olim

414 2923 600 2998 Attulerat
613 2947 740 2998 secum
754 2923 940 3022 Scyihicis
953 2925 1131 2998 aconiton
1146 2926 1195 2996 ab'
1209 2921 1300 2996 oris.

412 3054 512 3130 Illud
526 3055 728 3130 Echidneae
741 3070 954 3132 memorant
972 3085 992 3130 e
1010 3058 1189 3132 dentibus
1202 3069 1334 3130 ortum

412 3189 499 3263 Esse
514 3191 628 3268 canis.
648 3191 787 3290 Specus
802 3205 857 3266 est
873 3195 1072 3267 tenebroso
1086 3211 1205 3268 caecus
1220 3191 1349 3285 hiatu3
1571 3219 1572 3285 q

412 3319 478 3392 Est
495 3319 557 3393 via
569 3318 745 3421 declivis,
763 3349 833 3421 per
846 3349 963 3422 quam
976 3323 1207 3423 Tirynthius
1220 3322 1334 3396 heros

392 3469 394 3476 ·
412 3447 647 3549 Restantem,
667 3463 872 3549 contraque
886 3449 989 3526 diem
1006 3452 1205 3549 radiosque
1219 3450 1400 3525 micantes

453 3617 461 3646 ¹
483 3614 560 3690 Egce
573 3617 654 3672 &taut
666 3615 750 3691 loge,
764 3634 877 3673 comme
891 3635 946 3674 son
958 3613 1028 3674 hine
1038 3655 1047 3687 ,
1058 3617 1132 3674 dnus
1144 3616 1171 3674 le
1182 3613 1274 3690 puluis
1288 3613 1325 3670 de
1335 3610 1446 3674 Phliu,

411 3709 489 3768 sima
500 3731 532 3769 so
542 3712 599 3771 fille
609 3714 713 3784 Bibra,
724 3715 777 3792 qui
787 3715 889 3772 devint
900 3717 1041 3774 enceinte.
1052 3717 1128 3792 Egee
1140 3714 1237 3792 ohiige
1247 3712 1284 3768 de
1296 3722 1447 3768 retourner

413 3807 572 3865 ihthines
592 3827 660 3868 sans
679 3811 754 3880 elle,
774 3810 816 3868 lui
835 3809 920 3867 laissa
941 3831 1000 3868 une
1017 3813 1108 3888 cpio,
1128 3829 1187 3888 que
1207 3809 1331 3866 l’eusant
1349 3802 1448 3882 qu'ellc

413 3903 542 3960 mettreit
553 3923 592 3962 au
605 3908 714 3966 monde
729 3907 827 3968 dcvuit
841 3907 885 3967 lui
895 3921 1053 3986 repperiet
1067 3927 1148 3986 pour
1164 3927 1193 3967 se
1204 3907 1277 3966 saite
1290 3906 1446 3967 connuhio.

414 3999 455 4057 ce
468 3999 702 4066 cernuum.
1056 4011 1063 4022 ·
