3214 5300
446 578 494 652 δη
564 593 648 650 uss
677 561 1118 648 ndrsnonrnosrs
1148 587 1384 671 movrna,

444 738 623 839 Nympha
636 737 727 815 colit
743 766 751 811 :
768 736 833 812 scd
846 762 918 812 nec
930 737 1132 812 venatibus
1145 751 1246 838 apta,
1266 767 1337 816 nec
1349 767 1460 818 arcus

405 889 409 903 ·
444 871 610 946 Flectere
625 894 713 966 quse
726 867 857 966 soleat,
872 892 943 942 nec
957 893 1043 965 quae
1057 868 1285 946 contendere
1299 893 1436 968 cursu3
1499 879 1502 886 ’

386 1073 387 1080 ,
444 1001 607 1100 Solaque
619 995 807 1074 Naiadum
819 995 932 1071 celeri
948 1021 1028 1082 non
1041 1010 1132 1072 nota
1144 999 1291 1076 Diauae.

445 1133 553 1232 Saepe
566 1157 650 1206 suas
667 1130 725 1206 illi
737 1129 837 1204 fama
853 1141 909 1203 est
921 1129 1063 1204 dixisse
1081 1157 1227 1206 sorores
1236 1163 1246 1230 3

446 1265 628 1363 Salmaci,
648 1265 710 1339 vel
724 1264 910 1360 jaculum,
926 1262 988 1336 vel
1001 1264 1120 1360 pictas
1138 1290 1246 1338 sume
1255 1261 1470 1362 pharetras3

447 1393 496 1468 Et
510 1404 577 1466 tua
592 1417 682 1466 cum
695 1389 804 1464 duris
818 1389 1021 1464 venatibus
1037 1389 1115 1464 otia
1131 1391 1258 1466 misce.

446 1521 524 1598 Nec
538 1520 707 1616 jaculum
724 1514 861 1615 sumit,
878 1543 949 1592 nec
963 1519 1081 1617 pictas
1095 1520 1161 1594 illa
1173 1520 1388 1618 pharetras3

446 1651 524 1728 Nec
535 1675 603 1724 sua
617 1674 707 1722 cum
722 1645 832 1719 duris
846 1647 1049 1722 venatibus
1066 1648 1144 1722 otia
1159 1648 1291 1722 miscet
1308 1656 1332 1725 ¹.

447 1781 521 1858 Sed
539 1781 652 1857 modo
668 1779 773 1853 fonte
788 1803 857 1850 suo
870 1775 1055 1850 formosos
1068 1778 1211 1875 perluit
1227 1791 1332 1853 artus
1341 1812 1353 1876 3

447 1911 555 2008 Saepe
568 1906 753 1984 Citoriaco
765 1902 921 1977 deducit
935 1904 1085 2002 pectine
1100 1905 1242 2004 crines,

448 2043 497 2120 Et
512 2039 607 2140 quid
622 2066 662 2113 se
675 2039 822 2134 deceat,
842 2049 1021 2134 spectatas
1038 2038 1203 2114 consulit
1218 2038 1354 2116 undas.

331 2253 336 2274 ,
447 2171 484 2248 N
484 2196 560 2243 unc
573 2163 785 2266 perlucenti
797 2160 1030 2238 circumdata
1044 2188 1181 2262 corpus
1194 2164 1356 2262 amictu,

449 2297 631 2376 Mollibus
643 2291 839 2391 eutichis,
859 2303 926 2366 aut
938 2291 1119 2368 mollibus
1133 2293 1290 2370 incubat
1300 2295 1444 2371 herbis.
1497 2347 1500 2354 ·

451 2418 558 2525 sape
572 2427 662 2524 legit
676 2424 786 2498 flores
799 2451 807 2496 :
818 2433 857 2496 et
867 2435 962 2496 tunc
975 2450 1129 2522 quoque
1142 2424 1240 2501 forte
1255 2427 1416 2526 legebat,

453 2560 552 2635 Clam
567 2582 733 2657 puerum
746 2553 848 2628 vidit
863 2583 872 2628 :
888 2554 1093 2654 visumque
1107 2557 1253 2654 optavit
1266 2558 1421 2637 habere.

452 2688 530 2764 Nec
543 2699 672 2758 tamem
685 2695 773 2756 ante
788 2680 902 2778 adiit,
922 2683 991 2756 etsi
1008 2687 1232 2782 properabat
1244 2685 1369 2784 adire,

454 2817 580 2904 Quam
594 2842 633 2890 se
646 2813 878 2912 composuit,
894 2814 1011 2911 quiam
1025 2816 1296 2916 circumspexit
1309 2819 1490 2918 amictus,

453 2947 501 3021 Et
512 2945 627 3019 finxit
639 2945 811 3040 vultum,
830 2955 869 3017 et
880 2945 1023 3018 meruit
1036 2942 1201 3039 formosa
1216 2947 1355 3024 videri.

454 3082 566 3158 Tunc
580 3081 634 3154 sic
647 3105 731 3154 orsa
742 3079 850 3177 loqui
868 3105 876 3153 :
895 3077 995 3150 Puer
1009 3075 1053 3152 d!
1073 3077 1293 3176 dignissime
1308 3079 1413 3156 credi

454 3215 544 3292 Esse
558 3214 682 3307 Deus3
697 3237 763 3286 seu
776 3223 821 3285 tu
833 3211 938 3286 Deus
952 3233 1010 3307 es,
1027 3222 1133 3307 potes
1150 3238 1227 3286 esse
1241 3214 1410 3314 Cupido,

315 3388 319 3398 ι
456 3343 546 3418 Sive
561 3367 600 3416 es
616 3341 804 3440 mortalis,
824 3340 893 3438 qui
909 3351 947 3412 te
963 3341 1146 3438 genuere,
1166 3340 1285 3439 beati3

456 3474 506 3552 Et
520 3472 636 3548 frater
647 3471 759 3572 felix,
779 3484 817 3546 et
832 3469 1026 3546 fortunata
1038 3472 1230 3571 profecto,

501 3657 513 3692 ¹
536 3651 780 3728 Quedeclurme
791 3653 866 3712 dnus
876 3653 1120 3730 cettertpttitiou
1132 3654 1292 3712 ninniven
1302 3652 1327 3711 si
1337 3654 1499 3712 naturelle!

458 3751 555 3815 Ovlde
566 3772 604 3810 ue
615 3753 772 3812 reuemble
780 3753 867 3828 point
880 3754 897 3810 sl
908 3771 955 3810 ces
968 3751 1185 3810 versificatcurs
1198 3752 1374 3821 modernos,
1385 3753 1503 3828 ecqud·

459 3861 543 3912 teum
559 3849 596 3908 dc
610 3851 732 3910 beath
745 3851 931 3910 artificielles.
951 3853 999 3908 On
1013 3851 1103 3907 dirait
1120 3869 1181 3928 que
1196 3869 1229 3907 ce
1247 3851 1335 3928 qu’ile
1351 3849 1503 3928 craignent

458 3953 487 4012 le
496 3953 582 4030 plus,
596 3963 640 4010 eet
651 3951 745 4009 d'ttre
758 3952 886 4028 simplos.
897 3953 941 4012 dls
954 3971 993 4014 ue
1005 3961 1111 4014 seveut
1122 3951 1202 4014 donc
1213 3970 1268 4029 pas
1281 3970 1342 4028 quc
1353 3951 1424 4028 plue
1436 3952 1503 4009 l'srt

459 4059 505 4108 est
516 4047 622 4120 aces,
638 4049 709 4126 plue
720 4049 743 4108 il
756 4051 875 4108 excelle.
