3214 5300
429 677 475 752 50
549 692 633 748 aas
663 663 1099 746 narnuoarnosns
1128 679 1355 757 n’ovma,

423 839 471 912 Et
483 837 622 933 Pavor,
638 847 674 909 et
685 833 843 930 Terror,
863 827 1088 929 trepidoque
1102 830 1253 906 Insania
1266 831 1394 907 vultu.

424 967 574 1042 Limine
587 965 804 1040 constiterat
823 973 970 1060 :postes
986 961 1186 1038 tremuisse
1199 962 1378 1038 feruntur

424 1093 557 1190 AEolii,
576 1092 773 1190 Pallorque
788 1089 885 1164 fores
898 1088 1030 1163 infeoit
1043 1115 1214 1189 acernus,

424 1224 563 1320 Solque
575 1223 702 1296 locum
717 1219 826 1318 sugit.
845 1216 1025 1292 Monstris
1039 1219 1219 1293 exterrita
1234 1220 1396 1318 eonjux,

423 1353 597 1428 Territus
610 1365 666 1426 est
681 1351 860 1426 Athamas
879 1377 886 1424 :
902 1361 1075 1447 tectoque
1089 1352 1194 1425 exire
1208 1351 1400 1448 parabant.

424 1485 580 1561 Obstitit
594 1483 747 1581 infelix,
765 1483 987 1580 aditumque
1000 1485 1162 1576 obsedit,
1182 1485 1348 1584 Erinnys
1364 1491 1396 1580 ¹3

422 1616 603 1715 Nexaque
617 1615 779 1714 vipereis
795 1615 1014 1704 distendens
1029 1614 1184 1688 brachia
1197 1614 1328 1710 nodis,

422 1749 620 1823 Caesariem
629 1747 794 1821 excussit
812 1776 819 1821 :
835 1759 947 1821 motae
960 1748 1121 1821 sonuere
1133 1747 1309 1822 colubrae.

421 1879 587 1980 Parsque
599 1881 722 1975 jacens
732 1880 923 1976 humeris,
938 1905 1024 1977 pars
1038 1879 1182 1954 circum
1195 1891 1364 1976 tempora
1376 1876 1497 1977 lapsae

420 2011 537 2084 Sibila
548 2011 653 2108 dant,
666 2012 885 2108 saniemque
899 2023 1076 2108 vomunt,
1092 2011 1313 2108 linguasque
1328 1983 1547 2084 eoruscare.

390 2165 402 2182 *⁴
420 2135 514 2210 Inde
526 2137 621 2212 duos
635 2137 770 2211 mediis
783 2136 978 2233 abrumpit
991 2135 1161 2210 crinibus
1175 2163 1331 2234 angues,

418 2266 671 2366 Pestifentque
686 2293 804 2340 manu
818 2279 944 2362 raptos
958 2267 1117 2342 immisit
1137 2295 1144 2341 :
1161 2269 1269 2340 atilli

418 2395 606 2492 Inoosque
620 2395 726 2467 sinus
740 2391 1085 2506 Athamanteosque
1098 2410 1310 2495 pererrant,

419 2525 687 2621 inspirantque
699 2548 828 2622 graves
841 2527 985 2626 animas
1002 2554 1011 2601 :
1026 2552 1097 2600 neo
1108 2529 1270 2603 vulnera
1282 2530 1467 2626 membris

417 2655 504 2729 Ulla
518 2656 649 2731 ferunt
665 2683 672 2730 :
691 2641 798 2730 mens
815 2668 890 2754 est,
908 2682 995 2754 quae
1012 2635 1118 2733 diros*
1132 2660 1266 2733 sentiat
1281 2661 1391 2737 iouis.

417 2789 606 2871 Attulerat
615 2815 743 2867 secum
756 2791 897 2889 liquidi
911 2818 1066 2890 quoque
1080 2805 1249 2867 monstra
1261 2795 1423 2894 veneni3

419 2925 506 3000 Oris
520 2925 693 2999 Cerberei
706 2951 876 3025 spumas,
893 2939 931 3000 et
943 2929 1051 3002 virus
1066 2928 1247 3004 Echidnae
1261 2943 1291 3026 ³,

419 3056 648 3153 Erroreaque
663 3053 676 3094 ⁸
692 3081 821 3154 vagos,
839 3083 1020 3153 caeoaeque
1037 3057 1178 3132 oblivia
1190 3058 1348 3157 mentis,

419 3186 467 3259 Et
476 3185 611 3280 scelus,
623 3194 661 3256 et
672 3183 856 3281 lacrymas
867 3243 878 3283 ,
889 3186 1132 3286 rabiemque,
1148 3201 1186 3262 et
1199 3188 1310 3263 caedis
1323 3216 1493 3268 amorem
1500 3225 1514 3298 3

419 3313 559 3390 Omnia
570 3311 661 3385 trita
673 3310 789 3386 simul
806 3342 815 3387 ε
834 3341 920 3412 quae
937 3317 1119 3414 sanguine
1132 3319 1253 3393 mixta
1266 3322 1409 3398 recenti

419 3443 580 3515 Coxerat
592 3463 666 3512 aere
682 3463 796 3540 cavo,
812 3443 931 3518 viridi
944 3458 1091 3521 versata
1103 3449 1236 3524 cicuta.

463 3608 473 3637 ¹
502 3602 667 3678 Tisiphone.
680 3603 754 3662 Sunt
767 3619 864 3664 autem
876 3611 1018 3686 Erinnyes
1033 3613 1099 3669 deoe
1112 3612 1225 3670 ultrices
1240 3618 1379 3673 scelernm
1385 3656 1397 3686 ,
1414 3619 1456 3676 sic

418 3707 514 3784 groecel
525 3705 612 3760 dictoe
624 3705 705 3780 quod
714 3705 746 3762 in
758 3707 836 3764 tend
844 3709 974 3769 habitent
982 3711 1223 3798 horninumfoota
1234 3729 1406 3792 pectantes.

461 3809 475 3837 ⁸
493 3801 627 3861 Echidna
635 3803 726 3860 hair&
733 3806 837 3882 veprem
846 3811 958 3869 dicitnr.
969 3814 1038 3870 Fuit
1046 3825 1143 3871 autem
1153 3813 1287 3874 &buna
1296 3831 1455 3878 monstrum

419 3921 459 3963 ex
471 3900 567 3958 alterd
576 3913 667 3977 pane
678 3903 762 3981 vr'rgo
769 3945 780 3974 ,
799 3925 838 3963 aa
851 3910 946 3968 altera
957 3930 1093 3988 serpens,
1110 3933 1179 3994 quoe
1189 3916 1290 3992 genuit
1301 3915 1455 3974 Caberam

419 4017 521 4056 canem
534 3999 674 4058 Plutonis.

461 4092 474 4129 ⁵
497 4097 626 4156 finandi
635 4101 825 4180 vagandum
837 4105 1033 4182 cupiditatem.
