3170 5304
477 535 545 584 222
591 527 676 582 uns
705 497 1143 580 uirnuonruosns
1174 523 1393 602 morton,

473 666 638 740 Gutture
655 694 663 739 :
679 661 906 763 pendentem
919 659 1036 736 Pallas
1049 663 1222 740 miserata
1232 669 1386 766 levavit3

471 795 597 892 Atque
603 795 667 893 ita,
674 795 772 868 Vive
779 791 1238 895 quidem‚pendetamen‚
1249 799 1521 899 improbs,drxit;

469 927 625 1024 Lexque
641 925 769 1000 eedem
786 949 927 1022 poene,
944 950 993 998 ne
1010 925 1060 1000 sis
1076 953 1206 1002 secura
1219 929 1360 1028 futuri,

468 1055 578 1129 Dicta
591 1067 659 1128 tuo
671 1055 815 1153 generi,
831 1053 998 1152 serisque
1011 1057 1211 1154 nepotibus
1226 1071 1316 1134 esto.

517 1187 659 1264 Postea
672 1185 865 1262 discedens
882 1185 1001 1260 suecis
1016 1187 1232 1264 Hecateidos
1244 1191 1372 1265 herbae

466 1319 614 1416 Spargit
629 1347 638 1392 t
654 1330 691 1391 et
708 1317 899 1415 externplo
912 1319 1011 1392 tristi
1026 1319 1276 1396 medicamine
1291 1332 1395 1394 tectae

467 1445 670 1520 Defluxere
684 1471 817 1544 oomae,
834 1445 998 1544 eumque
1013 1447 1076 1522 his
1093 1461 1130 1524 et
1142 1451 1245 1524 naris
1258 1462 1297 1523 et
1308 1447 1417 1524 auris.

464 1575 601 1676 Fitque
617 1591 730 1676 ooput
744 1577 971 1674 minimum,
983 1561 1137 1675 totoque
1148 1579 1190 1654 in
1199 1604 1354 1676 corpore
1363 1583 1518 1676 parvsest.

464 1715 512 1791 ln
527 1713 642 1786 latere
654 1712 770 1786 exiles
783 1711 890 1808 digiti
903 1737 975 1808 pro
987 1712 1164 1788 cruribus
1179 1713 1350 1809 haerent3

464 1849 606 1922 Caetera
621 1859 755 1920 venter
768 1845 881 1916 habet
899 1874 906 1916 :
923 1845 970 1918 de
985 1873 1062 1942 quo
1074 1859 1203 1920 tamen
1217 1847 1284 1922 illa
1296 1845 1444 1924 remittit

465 1977 637 2072 Stamen,
656 1988 693 2048 et
705 1973 879 2068 antiquas
896 1987 1045 2048 exercet
1060 2001 1194 2050 armes
1209 1976 1315 2053 telas.

647 2170 718 2246 vl.
751 2171 871 2244 Niobe
886 2127 1321 2270 Latonoeoontemptrixi
1409 2259 1412 2266 ¹

511 2367 668 2441 Lruru
679 2377 757 2438 tots
769 2363 898 2438 fremit
912 2393 920 2437 :
935 2363 1183 2462 Phrygiusque
1195 2392 1264 2464 per
1282 2366 1415 2464 oppida
1425 2361 1495 2439 facti

462 2499 609 2574 Rumor
621 2500 669 2594 it,
687 2509 724 2570 et
735 2520 915 2592 magnum
931 2494 1169 2570 sermonibus
1182 2510 1341 2594 occupat
1353 2497 1477 2572 orben.

461 2631 560 2704 Ante
569 2655 661 2702 suos
677 2626 795 2700 Niobe
807 2625 990 2698 thalamos
1004 2640 1227 2722 cognoverat
1242 2627 1369 2724 illam,

459 2757 561 2830 Tum
574 2759 661 2830 curn
676 2755 876 2836 Maeomtam
888 2755 996 2854 virgo
1010 2755 1260 2854 Sipylumque
1274 2759 1423 2838 colebat.

459 2889 535 2964 Nec
548 2901 674 2961 tumen
688 2886 879 2960 admonita
893 2899 948 2960 est
959 2888 1074 2985 poeusi
1086 2889 1280 2986 popularis
1289 2888 1467 2964 Arachnes

459 3021 598 3096 Cedere
609 3021 825 3117 Caelitibus,
841 3019 1043 3116 verbisque
1056 3019 1270 3094 minoribus
1287 3021 1358 3094 uti.

459 3152 578 3226 Multa
594 3152 733 3224 dobant
745 3151 890 3224 animos
901 3179 908 3225 :
920 3151 982 3224 sed
998 3152 1101 3226 enim
1113 3179 1184 3226 nec
1199 3155 1368 3252 conjugis
1381 3163 1482 3244 alteo,

457 3281 534 3354 Nec
545 3307 660 3378 genus
672 3282 889 3376 amborum,
904 3280 1104 3378 magnique
1117 3284 1285 3378 potentia
1300 3283 1421 3382 regni,

458 3411 517 3482 Sic
533 3413 705 3508 placuere
719 3413 796 3508 illi,
815 3414 989 3509 quamvis
1004 3440 1045 3486 ea
1058 3429 1193 3492 cuncte
1205 3418 1420 3514 placebant,

456 3542 508 3614 Ut
521 3567 588 3616 sua
602 3545 795 3642 progenies
807 3573 815 3617 :
828 3556 865 3616 et
876 3543 1088 3620 felicissima
1103 3558 1270 3622 matrum

454 3674 563 3748 Dicta
578 3673 675 3748 foret
687 3668 824 3772 Niobe,
844 3675 876 3748 si
889 3701 969 3749 non
983 3676 1056 3751 sibi
1072 3678 1153 3752 visa
1165 3677 1309 3752 fuisset

373 3855 375 3860 η
501 3803 597 3876 Nam
614 3816 690 3877 sata
703 3803 864 3903 Tiresizi,
882 3808 1037 3880 venturi
1054 3809 1223 3906 praesoia,
1239 3811 1370 3884 Manto

451 3931 524 4007 Per
539 3934 681 4010 medies
691 3933 835 4036 fuerat,
853 3935 988 4014 divino
1002 3942 1147 4018 concita
1158 3951 1286 4038 motu,
