3214 5300
437 615 485 689 48
550 627 637 684 aas
666 595 1117 680 nt'ranonrnosss
1147 613 1378 690 novior,

436 781 640 876 Perpemas
655 769 800 870 patitur
815 763 972 870 poenas?
987 761 1217 836 Athamanta
1231 762 1441 859 superbum

436 905 550 1004 Regia
562 902 670 976 dives
686 897 822 991 habet,
842 891 910 991 qui
927 917 989 964 me
1003 915 1092 966 cum
1105 891 1263 988 conjuge
1275 913 1425 986 semper

436 1034 618 1138 Sprevit'?
631 1044 669 1107 et
681 1027 840 1128 exponit
856 1050 984 1100 causas
997 1023 1153 1122 odiique
1165 1023 1334 1120 viaeque3

436 1167 617 1264 Quidque
630 1163 735 1238 velit.
752 1157 868 1248 Quod
883 1157 1014 1255 vellet,
1032 1169 1129 1255 erat,
1148 1183 1198 1230 ne
1215 1158 1316 1254 regia
1331 1152 1466 1229 Cadmi

438 1303 575 1396 Staret3
594 1299 687 1372 etin
702 1294 848 1370 facinus
861 1291 1058 1366 traherent
1070 1291 1299 1366 Athamanta
1313 1291 1478 1364 Sorores.

435 1432 665 1532 Imperium,
683 1423 883 1525 promissa,
894 1450 1023 1522 preces
1037 1423 1242 1500 confundit
1254 1424 1297 1497 in
1308 1449 1438 1497 unum
1452 1429 1483 1519 ¹3

438 1560 695 1656 Sollicitatque
708 1555 815 1629 Deae.
833 1553 895 1626 Sic
907 1553 990 1628 haec
1002 1557 1157 1630 lunone
1169 1557 1312 1654 locunt3

434 1690 645 1789 Tisiphone
656 1709 787 1783 canos,
804 1697 849 1758 ut
862 1695 942 1758 erat
954 1688 1122 1785 turbata,
1137 1688 1291 1786 capillos

311 1807 314 1814 ⁴
435 1823 560 1898 Movit
577 1851 584 1894 :
601 1832 639 1894 et
652 1821 839 1894 obstantes
851 1818 981 1914 rejecit
992 1822 1039 1894 ab
1052 1847 1117 1894 ore
1129 1820 1313 1894 colubras.

436 1953 561 2052 Atque
574 1953 644 2050 ita,
660 1953 746 2042 Non
760 1951 880 2049 longis
894 1977 990 2049 opus
1005 1964 1060 2027 est
1073 1954 1309 2052 ansegisus,
1324 1949 1424 2026 mfit.

436 2084 546 2158 Facta
556 2096 668 2183 puta,
683 2107 937 2182 quacumque
947 2085 1056 2180 jubes
1074 2113 1082 2159 ε
1099 2085 1302 2160 inamabile
1313 2106 1474 2182 regnum
1598 2185 1599 2190 ἵ

436 2215 576 2290 Desere
593 2246 601 2290 :
619 2228 733 2315 teque
746 2215 847 2322 refer
859 2214 948 2288 coeli
961 2215 1129 2290 melioria
1143 2215 1189 2290 ad
1204 2241 1325 2290 aurae.

362 2370 364 2378 ·
485 2345 587 2420 Laeta
599 2345 700 2421 redit
709 2347 812 2420 luno
830 2374 839 2419 :
854 2371 970 2443 quam
982 2347 1124 2422 eoelum
1137 2347 1279 2422 intrare
1290 2357 1486 2446 parantem

437 2477 585 2556 lloratis
597 2480 776 2556 lustravit
788 2480 897 2578 aquis
910 2479 1183 2597 Thaumantias
1194 2479 1278 2556 his.

627 2715 678 2788 X.
704 2714 842 2788 Prodit
854 2713 906 2787 ab
922 2711 1053 2814 infiris
1074 2717 1291 2816 Tisiphone.

484 2938 1487 3044 NoomorazTisiphonemadefactamsanguinesumit

436 3079 659 3172 Importuna
671 3071 791 3146 facem
810 3072 1030 3172 :fluidoque
1043 3101 1179 3152 cruore
1192 3079 1394 3156 rubentem

434 3205 615 3280 Induitur
628 3204 783 3302 pallam,
801 3215 979 3303 tortoque
989 3206 1201 3308 incingitur
1215 3236 1336 3310 angue
1349 3219 1385 3310 ¹3

434 3333 709 3433 Egrediturque
721 3330 848 3407 domo.
865 3333 1010 3408 Luctus
1026 3339 1257 3416 comitantur
1270 3340 1427 3421 euntem
1436 3407 1449 3446 ,

478 3536 487 3565 ¹
513 3530 588 3589 Ilien
608 3549 646 3587 ne
663 3528 763 3590 donne
780 3531 849 3607 plus
867 3531 904 3591 de
922 3547 1115 3594 mouvement
1129 3555 1170 3596 aa
1186 3537 1322 3602 discours
1337 3561 1397 3620 que
1411 3545 1477 3604 d’eu
1598 3557 1599 3564 ’

434 3630 501 3686 tter
518 3628 560 3686 lea
575 3626 705 3687 liniacus.
725 3630 809 3688 Dana
826 3641 902 3692 cette
917 3632 1137 3694 accumulation
1155 3635 1278 3714 rapide,
1294 3639 1326 3698 lc
1342 3643 1419 3718 style
1438 3661 1474 3701 va

434 3729 503 3804 plus
517 3730 581 3792 vlte
593 3747 652 3804 que
664 3727 693 3785 la
705 3731 822 3803 penate.

475 3827 489 3858 ¹
513 3823 609 3882 Ovide
623 3835 667 3880 est
677 3825 773 3902 grand
782 3825 870 3900 poete
880 3847 970 3904 parce
980 3830 1055 3905 qu’il
1065 3843 1108 3888 est
1119 3832 1213 3909 grand
1223 3832 1348 3908 peintre.
1365 3837 1475 3914 Utpic·

430 3925 613 4001 turapoe'sis.
627 3924 662 3981 Je
676 3943 713 3984 ne
725 3927 845 3983 cannah
857 3929 943 4003 point
952 3927 1171 4010 ‹l’hypotypoae
1184 3932 1274 3995 d'une
1283 3937 1394 3996 beante
1405 3939 1473 4014 plus

430 4025 596 4102 effrayante
610 4043 669 4102 que
683 4045 716 4084 ce
729 4025 848 4086 tahleau
860 4025 898 4084 de
911 4028 1092 4106 Tisyphone.
