3210 5324
391 537 461 612 260
505 550 590 608 ans
620 519 1055 604 utrasaonrnosns
1085 505 1312 613 norton,

388 701 536 775 Structo
550 697 672 794 rigent
685 675 804 768 solido
814 688 1050 764 stabulorum
1063 687 1207 760 moenia
1222 709 1312 760 saxo
1320 713 1333 782 3
1472 707 1478 712 ·

390 837 443 910 Os
455 842 608 908 mutum
622 825 708 902 facti
721 834 822 898 caret
836 820 975 896 indice.
999 818 1150 894 Grande
1161 817 1285 893 dolori

389 965 588 1062 Ingenium
601 971 657 1034 est
672 965 703 1054 ¹,
723 956 945 1052 miserisque
962 953 1068 1028 venit
1084 952 1234 1026 solertia
1247 951 1373 1028 rebus.

390 1093 559 1170 Stamina
570 1088 762 1166 barbarici
775 1083 972 1184 suspendit
985 1083 1117 1158 callida
1128 1082 1221 1181 tela,

390 1221 677 1320 Purpureasque
694 1230 799 1292 notas
813 1215 886 1290 filis
899 1197 1067 1288 intexuit
1078 1213 1190 1310 albis,

391 1348 583 1424 Indicium
596 1345 742 1420 sceleris
761 1341 1022 1447 :perfectaque
1035 1337 1192 1414 tradidit
1203 1335 1299 1434 uni,

390 1479 519 1577 thue
534 1476 629 1552 ferat
644 1473 808 1586 dominae
821 1484 926 1570 gestu
940 1481 1055 1568 rogat.
1074 1468 1142 1544 Ille
1154 1477 1278 1565 rogata

391 1607 554 1684 Pertulit
567 1604 613 1680 od
625 1604 816 1698 Procnen,
834 1625 904 1674 nec
921 1599 991 1674 scit
1004 1598 1098 1698 quid
1113 1597 1235 1672 nudat
1247 1597 1289 1671 in
1303 1593 1392 1670 illis

442 1735 598 1812 Evolvit
611 1745 733 1808 vestes
749 1731 841 1805 saevi
854 1741 1027 1804 matrona
1039 1725 1214 1826 tyranni,

394 1872 665 1966 Germanusque
678 1893 756 1942 suae
769 1889 921 1940 carmen
934 1853 1144 1938 miserabile
1159 1860 1264 1959 legit3

392 2005 458 2102 Et,
477 2002 621 2076 mirum
637 1999 820 2098 potuisse,
838 1997 934 2071 silet.
953 1996 1073 2070 Dolor
1085 2021 1152 2070 ora
1163 1995 1339 2093 repressit
1351 2004 1388 2092 '3

394 2129 613 2227 Verbaque,
632 2127 818 2225 quaerenti
832 2126 919 2199 satis
933 2125 1167 2224 indignantia
1181 2127 1320 2226 linguae
1398 2213 1403 2223 ,

395 2262 611 2338 Defuerunt
627 2290 635 2335 :
652 2282 722 2334 nec
731 2259 821 2332 flere
834 2268 941 2332 vacat
958 2286 966 2332 :
982 2257 1046 2332 aed
1058 2257 1188 2357 fasque
1200 2257 1382 2356 nefasque

386 2397 609 2494 ¹Consusurs
620 2393 701 2468 ruit
717 2416 940 2492 :poenaeque
955 2390 998 2464 in
1013 2391 1174 2489 imagine
1190 2401 1267 2464 tota
1282 2399 1350 2466 est.

444 2527 611 2623 Tempus
624 2533 722 2618 erat,
739 2547 817 2619 quo
831 2547 932 2595 saera
948 2520 1069 2596 solent
1081 2520 1285 2596 Trieterica
1300 2519 1437 2598 Bacchi

284 2713 287 2726 .
398 2651 582 2729 Sithoniae
596 2651 781 2726 celebrare
792 2677 916 2724 numa
933 2679 942 2725 t
960 2677 1041 2726 nox
1056 2652 1202 2726 conscia
1214 2652 1340 2730 sacris.

398 2782 514 2858 Nocte
530 2793 636 2856 sonat
650 2779 833 2878 Rhodope
848 2780 1054 2855 tinnitibus
1069 2781 1155 2856 seris
1170 2783 1290 2879 acuti,

400 2913 516 2990 Nocte
530 2909 598 2986 sual
613 2923 668 2985 est
684 2936 824 3010 egressa
837 2911 952 2988 domo
966 2913 1095 3010 regina
1114 2941 1122 2988 ε
1140 2915 1287 3012 Deique

402 3044 552 3119 Ritibus
569 3043 797 3142 instruitur,
813 3043 1039 3141 fiarialiaque
1054 3043 1189 3142 accipit
1199 3069 1316 3128 arma,

402 3175 490 3251 Vite
502 3186 616 3273 caput
627 3175 766 3273 tegitur
781 3202 790 3250 ι
804 3176 913 3252 lateri
925 3175 1078 3250 cervina
1092 3175 1245 3272 sinistro

402 3303 548 3380 Vellera
562 3301 777 3401 dependent
794 3301 980 3378 :humero
993 3302 1090 3378 levis
1104 3303 1260 3376 incubat
1274 3300 1392 3400 haam

404 3433 558 3508 Concita
569 3459 638 3531 per
654 3433 785 3529 silvas,
803 3431 916 3506 urba
927 3431 1128 3508 comitante
1142 3458 1316 3536 suarum,

405 3559 601 3636 Terribilis
613 3559 776 3658 Procne,
793 3557 981 3658 laniisque
996 3560 1129 3659 agitata
1140 3559 1300 3665 doloris,

450 3775 461 3806 ¹
485 3775 552 3832 Hac
564 3741 705 3831 sententia
707 3773 892 3851 probabilem
898 3779 992 3852 podda
1004 3777 1100 3834 reddit
1112 3777 1282 3834 orationem.

449 3875 462 3905 ²
487 3873 592 3929 Cansoe
609 3883 809 3948 exponunmr,
824 3875 929 3950 quibus
944 3885 1023 3932 mota
1036 3875 1148 3934 Procne
1165 3892 1203 3931 ae
1217 3889 1304 3930 unam
1319 3871 1435 3951 quidem

408 3969 501 4026 esnisia
516 3969 647 4028 aemam.
