3210 5324
461 597 531 674 268
575 615 660 674 uas
687 590 1128 674 nt’mnournoses
1159 617 1388 698 worma,

458 764 569 837 Nunc
585 767 757 863 sequitur
769 765 875 840 nudo
890 764 1030 862 genitas
1044 764 1236 840 Pandione
1247 765 1360 842 ferro.

456 896 623 994 Corpora
637 899 882 996 Cecropidum
898 899 1032 996 pennis
1046 897 1210 996 pendere
1225 911 1394 997 putares3

457 1025 676 1101 Pendebent
692 1029 844 1125 pennis..
854 1028 1028 1115 Quarum
1044 1029 1140 1126 petit
1151 1027 1267 1102 altera
1280 1029 1414 1124 silvas,

458 1154 585 1229 Altera
596 1170 693 1230 tecta
705 1159 808 1231 subit
822 1185 829 1232 :
845 1183 969 1254 neque
982 1156 1108 1230 adhuc
1121 1155 1167 1230 de
1182 1168 1331 1254 pectore
1344 1153 1457 1262 caedis

458 1282 648 1356 Effluxere
659 1296 776 1380 notae,
796 1283 1014 1380 signataque
1029 1286 1210 1380 sanguine
1224 1283 1355 1380 pluma
1370 1294 1437 1357 est.

457 1413 525 1489 ssle
538 1413 666 1488 dolore
682 1442 771 1511 suo,
786 1441 985 1513 poenaeque
998 1413 1177 1512 cupidine
1191 1415 1323 1512 velox,

457 1544 630 1618 Vertitur
642 1547 685 1618 in
695 1547 909 1643 volucrem,
926 1547 989 1618 cui
1003 1558 1103 1618 stant
1116 1546 1159 1618 in
1174 1546 1314 1620 vertice
1331 1547 1472 1640 cristae3

459 1673 654 1748 Prominet
667 1673 914 1748 immodicum
923 1699 993 1771 pro
1005 1674 1115 1774 longa
1128 1674 1282 1772 cuspide
1298 1686 1477 1748 rostrum.

457 1801 605 1882 Nomen
620 1805 744 1902 Epops
760 1803 909 1878 volucri
929 1833 938 1877 :
955 1801 1066 1878 facies
1083 1816 1224 1878 armata
1239 1803 1407 1878 videtur.

660 2011 780 2086 XIV.
810 2015 1007 2110 Orythiam
1023 2015 1169 2086 Boreas
1187 2015 1299 2112 rapit.

506 2203 593 2282 ch
607 2205 717 2280 dolor
728 2216 816 2279 ante
827 2204 949 2301 diem,
966 2205 1162 2302 longaeque
1176 2215 1345 2278 extrema
1362 2213 1513 2279 senectae

458 2333 663 2434 Tempora,
682 2335 876 2410 Tartareas
892 2333 1087 2409 Pandiona
1098 2333 1203 2410 misit
1218 2336 1265 2410 ad
1281 2338 1449 2410 umbras.

459 2465 610 2563 Sceptra
622 2466 716 2564 loci,
732 2491 938 2562 rerumque
949 2463 1049 2561 capit
1057 2463 1301 2539 moderamen
1313 2462 1560 2553 Erechtheus

337 2629 338 2632 ¹
458 2597 626 2696 metitis,
643 2599 827 2695 dubium,
843 2596 1031 2671 validisne
1048 2597 1239 2694 potentior
1254 2597 1382 2672 armis.

459 2733 648 2820 Quattuor
656 2731 720 2805 ille
729 2730 883 2828 quidem
897 2734 1074 2826 juvenes,
1091 2731 1325 2828 totidemque
1336 2728 1476 2805 credrat

458 2861 487 2936 F
488 2863 656 2936 aemineae
669 2861 779 2935 sortis
800 2891 808 2936 :
828 2861 892 2936 sed
907 2875 987 2936 erat
999 2889 1068 2959 par
1085 2863 1206 2937 forma
1221 2861 1400 2936 duarum.

457 2993 489 3068 E
506 2991 646 3092 quibus
663 2991 827 3067 AEolides
843 2991 1029 3091 Cephalus
1046 3004 1082 3067 te
1100 2993 1257 3090 conjuge
1270 2991 1383 3087 felix,

344 3197 346 3204 Α
456 3121 587 3198 Procri
594 3119 1260 3220 ,fuit:BoreaeTereusThracesque¹
1274 3120 1476 3196 nocebant:

459 3255 677 3352 Dilectique
689 3253 759 3328 diu
772 3255 893 3328 caruit
905 3257 1008 3330 Deus
1024 3255 1220 3355 orithytt,

421 3459 428 3470 ,
458 3387 562 3460 Dum
578 3397 700 3483 rogat,
719 3397 757 3459 et
770 3385 944 3483 precibus
957 3387 1126 3483 mavult,
1141 3386 1258 3485 quim
1271 3383 1437 3479 viribus,
1453 3379 1521 3454 uti.

460 3515 528 3588 Ast
540 3516 607 3588 ubi
622 3514 815 3589 blanditiis
832 3516 955 3614 agitur
971 3516 1070 3588 nihil
1079 3574 1090 3613 ,
1109 3511 1382 3608 horridusira,

459 3647 554 3734 Quae
567 3649 674 3722 solita
687 3660 742 3720 est
754 3648 830 3745 illi,
845 3647 1088 3744 nimiumque
1101 3644 1323 3738 domestica,
1342 3652 1474 3732 vento;

505 3832 514 3862 ¹
539 3829 588 3884 On
605 3847 635 3886 se
651 3829 806 3886 souvensit
823 3827 840 3885 ὲ
855 3827 984 3886 Atheneo
997 3827 1034 3886 de
1049 3828 1077 3885 la
1092 3825 1228 3883 barbarie
1242 3843 1300 3901 que
1313 3823 1403 3878 Tere'e
1417 3818 1495 3876 avait

378 3903 383 3914 ⁵
460 3931 576 3985 exerces
599 3939 701 3986 contre
722 3928 750 3985 la
776 3927 834 3985 fille
856 3927 893 3984 de
915 3928 1073 3998 Pandion,
1098 3938 1127 3985 ct
1150 3944 1189 3986 on
1214 3943 1251 3983 ne
1274 3921 1389 3983 roulait
1409 3919 1495 3998 point

457 4028 609 4092 d'alliauoe
622 4049 693 4089 avec
707 4049 749 4092 un
761 4030 884 4122 Jl'hrace.
