3178 5312
427 541 494 613 152
535 556 620 612 aas
649 527 1094 610 usi'rsuonrnosns
1125 503 1354 628 niovrnr,

422 703 598 776 Manibus
616 729 623 774 :
640 713 677 774 et
689 701 786 775 laevo
802 723 1025 774 mucronem
1038 708 1207 795 tempore
1218 697 1309 794 figit.

423 830 617 927 Concidit,
632 842 669 903 et
680 829 804 928 digitis
817 827 1067 902 morientibus
1082 827 1146 901 ille
1159 837 1320 902 retentat

421 963 500 1037 Fila
515 963 626 1060 lyrae3
642 985 804 1056 casuque
818 961 918 1032 canit
933 957 1143 1032 miserabile
1157 983 1308 1032 carmen
1325 963 1350 1029 ยน.

469 1095 555 1170 Non
571 1094 663 1167 sinit
678 1092 785 1166 hunc
800 1093 959 1188 impune
972 1090 1082 1164 ferox
1096 1089 1271 1164 cecidisse
1288 1091 1506 1188 Lyeonuas3

421 1227 614 1323 Raptaque
627 1223 674 1297 de
690 1223 825 1297 dextro
842 1223 997 1296 robusta
1010 1222 1185 1319 repagula
1200 1221 1301 1319 posti

420 1356 577 1432 Ossibus
590 1351 705 1426 illidit
720 1349 853 1424 mediae
870 1347 1027 1424 cervicis
1048 1377 1055 1422 :
1075 1361 1113 1421 at
1129 1347 1193 1422 ille

418 1488 627 1562 Procubuit
640 1498 770 1578 terrae,
787 1483 937 1558 mactati
954 1509 1058 1556 more
1072 1483 1238 1579 juvenci.

326 1623 330 1638 '
418 1620 578 1694 Demere
591 1617 756 1690 tentabat
770 1614 859 1688 laevi
875 1639 1028 1710 quoque
1041 1615 1177 1686 robora
1193 1609 1310 1708 postis

420 1751 633 1850 Cinyphius
647 1749 787 1822 Pelates
805 1777 813 1820 :
832 1746 994 1822 tentanti
1006 1746 1161 1822 dextera
1176 1745 1253 1818 fixa
1268 1754 1323 1818 est

419 1879 583 1976 Cuspide
595 1876 832 1952 Marmaridae
845 1869 1025 1971 Corythi,
1043 1875 1221 1972 lignoque
1237 1871 1403 1946 cohaesit.

418 2007 588 2082 Haerenti
601 2007 698 2082 latus
712 2005 840 2080 hausit
852 2003 949 2079 Abas
966 2033 974 2077 :
990 2029 1060 2078 nee
1073 2005 1218 2078 conuit
1230 2005 1313 2102 ille3

419 2134 490 2209 Sed
507 2134 694 2207 retinente
709 2157 868 2204 manum
884 2131 1051 2205 moriens
1068 2158 1089 2206 e
1104 2146 1209 2231 poste
1225 2133 1406 2232 pependit
1416 2147 1442 2207 ยน.

469 2267 658 2340 Sternitur
675 2275 713 2338 et
725 2264 936 2360 Melaneus,
954 2263 1102 2338 Perseia
1115 2279 1232 2340 castra
1248 2277 1418 2368 secutus,
1447 2271 1453 2280 '

417 2401 467 2480 Et
479 2397 736 2476 Nasamoniaci
752 2397 911 2496 Dorylas
926 2397 1134 2473 ditissimus
1150 2401 1240 2500 agri.

418 2529 535 2606 Dives
551 2529 628 2626 agri
644 2525 819 2625 Dorylas,
836 2553 913 2624 quo
928 2552 1006 2602 non
1021 2501 1234 2626 possederat
1247 2530 1340 2606 alter

418 2655 565 2753 Istius,
583 2668 650 2730 aut
661 2654 819 2730 totidem
835 2655 986 2730 tollebat
1005 2655 1115 2732 farris
1131 2684 1297 2734 acervos.

418 2787 543 2884 Hujus
558 2786 602 2859 in
615 2785 771 2882 obliquo
785 2785 945 2859 missum
961 2786 1063 2858 stetit
1074 2785 1231 2883 inguine
1250 2785 1396 2864 fenum
1413 2818 1423 2863 z

418 2915 558 2994 Letifer
572 2919 635 2994 ille
648 2919 764 2994 loeus.
781 2919 905 3005 Quem
919 2930 1002 3015 post
1018 2919 1134 3016 quim
1147 2920 1318 2994 vulneris
1332 2933 1462 2995 auctor

419 3049 691 3148 Singultantem
707 3051 891 3146 animam,
912 3062 949 3124 et
966 3063 1178 3126 versantem
1193 3052 1344 3128 lumina
1356 3053 1455 3128 vidit

416 3181 586 3260 Bactrius
596 3183 846 3280 Halcyoneus,
856 3179 949 3277 Hoc,
963 3166 1066 3279 quod
1076 3184 1229 3280 premis,
1241 3182 1382 3280 inquit,
1396 3183 1522 3256 habeto

418 3314 476 3388 De
487 3327 544 3388 tot
554 3315 669 3414 agris,
685 3326 795 3388 terrae
813 3342 820 3388 :
837 3339 1049 3412 corpusque
1063 3339 1249 3411 exsangue
1262 3315 1430 3412 reliquit.

418 3443 587 3542 Torquet
600 3448 641 3519 in
653 3443 761 3540 hunc
774 3443 919 3518 hastam
935 3445 1056 3521 calido
1072 3446 1120 3520 de
1133 3447 1293 3520 vulnere
1308 3459 1452 3545 raptam

417 3573 527 3650 Ultor
540 3573 763 3648 Abantiades
781 3603 789 3648 :
808 3573 932 3650 medii
946 3602 1032 3674 quae
1048 3603 1139 3652 nare
1154 3589 1300 3674 recepta

459 3793 469 3827 ยน
490 3788 576 3846 Forte*
590 3792 656 3865 lyra
669 3791 764 3847 emisit
772 3810 890 3848 emman
904 3793 982 3849 tar'ste
994 3804 1025 3850 et
1035 3794 1169 3851 morienti
1178 3794 1355 3851 conveniens.

459 3889 473 3922 ยน
493 3891 592 3964 Imago
611 3887 771 3966 singuliere
783 3888 836 3965 qui
852 3889 906 3946 fait
924 3892 1035 3949 varittt
1049 3904 1079 3948 et
1096 3910 1126 3950 se
1138 3892 1286 3969 distingue
1298 3893 1395 3969 parmi
1408 3893 1448 3952 to

417 3988 515 4050 divers
526 4005 632 4068 gemes
642 3987 679 4048 de
691 3997 772 4050 mort
782 3987 890 4050 denno
902 4009 958 4068 prr
967 3992 996 4050 le
1006 3991 1105 4070 potia
