3210 5324
426 546 496 644 ⁹98
540 561 623 618 urs
653 533 1096 617 uirtuourrsosos
1126 551 1379 630 mortue„

423 705 567 803 Nempe
579 717 685 804 pater
700 725 841 797 saevtn,
859 723 996 798 nempe
1011 712 1066 775 est
1079 727 1163 776 mee
1176 701 1333 779 barbo-s
1343 701 1472 800 tellus,

424 839 553 915 Frater
565 835 689 912 adhuc
701 833 827 908 intans
844 863 852 906 :
869 845 969 908 sunt
981 859 1133 910 mecum
1148 847 1237 912 vota
1252 837 1392 918 sororis
1407 844 1430 908 ¹.

425 969 616 1044 Maximus
629 967 731 1040 intra
739 989 801 1036 me
813 963 916 1036 Deus
929 972 996 1036 est.
1014 961 1049 1036 N
1051 985 1103 1034 on
1115 987 1247 1062 magne
1258 963 1486 1061 relinquam

424 1097 558 1196 Magne
572 1119 724 1193 sequar,
740 1092 898 1168 titulum
915 1103 1070 1166 servatae
1082 1093 1196 1190 pubis
1208 1092 1386 1194 Achivae,

424 1225 678 1324 Notitiemue
691 1224 765 1300 loci
778 1222 964 1320 melioris,
983 1233 1020 1298 et
1035 1223 1193 1322 oppida,
1208 1251 1376 1324 quorum

425 1350 498 1426 nto
515 1377 667 1450 quoque
682 1349 909 1448 fomnviget,
925 1348 1125 1454 onusque
1137 1361 1309 1450 artesque
1320 1349 1510 1440 viromm3

424 1482 624 1580 Quemque
637 1505 719 1580 ego,
734 1505 824 1556 cum
837 1481 951 1556 rebus
963 1505 1058 1578 ques
1072 1493 1173 1556 totus
1185 1479 1349 1578 possidet
1360 1479 1482 1576 orbis,

423 1610 630 1685 AEsoniden
639 1622 803 1706 mutasse
815 1609 933 1688 velim
951 1637 1053 1708 :quo
1065 1612 1223 1710 conjuge
1239 1610 1333 1686 felix

422 1741 470 1814 Et
486 1741 553 1814 Dis
570 1766 652 1814 cere
667 1740 785 1838 ferar,
802 1753 840 1814 et
852 1739 994 1814 vertice
1007 1738 1128 1816 sidera
1144 1752 1304 1840 tongam.

423 1869 553 1956 Quid?
565 1871 667 1968 qood
684 1871 810 1946 omnio
823 1871 892 1970 qui
904 1871 1039 1948 mediis
1052 1871 1333 1946 concurrerem
1346 1872 1460 1946 undis

423 2003 616 2080 Dicuntur
630 2017 796 2100 montes,
811 2004 1031 2102 ratibusque
1043 2003 1199 2080 inimico
1213 2003 1440 2103 Charybdis,

422 2135 533 2210 Nunc
541 2138 692 2212 sorbere
698 2135 859 2233 fretum,
875 2135 1163 2233 nunoreddere3
1180 2136 1377 2234 cinctaque
1387 2135 1495 2209 saevis

422 2270 547 2368 Scylla
560 2295 677 2372 rapax
690 2269 847 2344 canibus
863 2267 991 2344 Siculo
1007 2269 1141 2342 len-ere
1153 2265 1371 2364 pmfirndo?

422 2397 564 2494 Nempe
576 2410 707 2472 tenens
713 2395 816 2494 quod
824 2422 910 2470 emo
918 2451 930 2492 ,
946 2396 1162 2494 gremioque
1171 2393 1529 2490 inhwnoherenq

421 2527 494 2602 Per
506 2527 600 2602 freto
612 2527 722 2624 longa
734 2525 863 2600 trahar
874 2553 883 2600 ε
893 2524 992 2600 nihil
1006 2525 1118 2602 illum
1130 2525 1302 2622 amplexo
1313 2527 1489 2620 verebor3

421 2655 520 2749 Aut,
536 2655 569 2726 si
583 2647 879 2752 quidmetuuin,
898 2667 1065 2732 metuam
1078 2655 1126 2732 de
1139 2657 1295 2755 conjuge
1305 2656 1399 2732 solo.

309 2875 313 2890 ι
422 2785 699 2880 conjugiumne
711 2809 821 2858 vocas
836 2791 869 2882 ¹,
886 2785 1123 2884 speciosaque
1140 2786 1297 2862 nomint
1306 2785 1430 2882 culpor

422 2913 612 3009 Imponis,
629 2911 777 3011 Molee,
795 2916 1011 3014 tuaeiquin
1022 2918 1145 3016 ospioe
1156 2929 1343 3016 quantum
1590 2963 1591 2968 =

422 3043 644 3142 Aggrediure
658 3044 844 3142 nefasmt,
859 3045 953 3122 dum
967 3045 1205 3146 lieet‚effuge
1220 3047 1377 3125 crimen.

470 3172 599 3247 Dixit:
613 3185 651 3246 et
662 3186 748 3248 onte
761 3174 889 3250 oeulos
901 3185 1066 3270 rectum,
1082 3175 1273 3272 pietasque
1284 3171 1311 3268 ³,
1325 3170 1523 3273 pudorque

423 3301 676 3378 Constiterant
689 3334 697 3378 :
710 3317 748 3388 et
763 3307 863 3380 vico
876 3306 987 3382 debet
998 3308 1074 3403 jem
1089 3318 1190 3406 tergo
1201 3303 1359 3404 Cupido.

422 3417 504 3492 Ibat
515 3417 562 3492 ed
577 3419 750 3520 antiquas
767 3419 921 3496 Heoates
937 3420 1130 3498 Perseidos
1146 3448 1245 3520 eras,

468 3601 478 3632 ¹
504 3597 714 3669 Olp'ectionibus
724 3601 766 3656 iet
779 3601 932 3677 respondet
947 3601 1056 3658 Medea
1071 3615 1103 3658 ut
1112 3601 1229 3677 colligere
1239 3599 1355 3656 ommno
1366 3601 1458 3654 loso-

426 3713 491 3753 uem
504 3697 748 3768 esrejttvandttm,
761 3699 871 3774 sibique
882 3699 1014 3775 conjugio
1028 3699 1233 3776 copularum.

468 3799 481 3826 ¹
502 3798 624 3854 Ratione
634 3796 655 3853 t
664 3800 770 3855 scelere
782 3797 891 3858 Medea
902 3811 1058 3856 revocatur.
1072 3799 1109 3856 Se
1119 3811 1216 3857 autem
1228 3799 1295 3878 ipsa
1303 3794 1458 3872 reprehen-

428 3893 487 3962 dit,
503 3894 583 3966 quod
583 3892 718 3968 facinori
729 3913 781 3950 suo
793 3893 942 3952 honesmm
949 3896 1120 3971 proetendot
1130 3891 1308 3953 mortimenti
1316 3909 1429 3949 nomen.

471 3981 484 4022 ³
507 3993 545 4047 In
552 4005 693 4066 parentes
704 4005 734 4051 et
741 3994 872 4069 patriam
886 4011 977 4052 amor.
1031 4056 1037 4070 .
