3170 5304
473 581 545 631 220
589 567 672 628 nus
701 541 1140 626 utrauoaeuosas
1171 567 1394 647 norrun,

470 719 621 793 Aureus
636 731 682 793 ut
695 719 871 813 Danaen,
890 713 1054 813 Asopida
1069 715 1203 790 luserit
1217 717 1366 816 igneus,

469 849 744 949 Mnemosynen
760 859 904 947 pastor,
921 847 1050 922 varius
1066 848 1210 922 Deoida
1225 877 1387 949 serpens.

518 981 572 1055 Te
579 1007 750 1080 quoque,
765 991 956 1055 mutatum
965 991 1096 1076 torvo,
1111 981 1304 1079 Neptune,
1319 984 1481 1075 juvenco,

468 1113 623 1214 Virgine
636 1117 679 1190 in
692 1113 815 1189 AEolit
827 1112 954 1212 posuit
971 1141 979 1185 :
995 1123 1040 1186 tu
1052 1112 1157 1186 visus
1174 1112 1347 1212 Enipeus

468 1243 598 1343 Gignis
611 1245 784 1341 Aloidas,
802 1243 904 1336 aricq
913 1241 1089 1318 Bisaltida
1102 1241 1212 1318 fallis.

468 1375 516 1448 Et
527 1388 583 1472 te,
600 1375 698 1449 flava
711 1401 854 1472 comas,
872 1375 1027 1472 frugum
1041 1375 1240 1448 mitissima
1250 1373 1388 1472 Mater,

467 1506 592 1579 Sensit
607 1531 772 1603 equum3
791 1517 828 1578 tc
844 1509 960 1579 sensit
972 1531 1082 1579 avem
1099 1507 1234 1580 crinita
1249 1507 1411 1582 colubris

466 1637 586 1714 Mater
602 1636 692 1735 equi
707 1636 874 1711 volucris
892 1665 900 1710 :
919 1637 1036 1710 sensit
1048 1637 1238 1736 Delphina
1254 1639 1451 1714 Melantho.

516 1767 775 1868 Omnibushis
787 1766 997 1864 faciemque
1009 1793 1137 1864 suam,
1157 1765 1365 1866 faciemque
1376 1769 1515 1842 locorum

466 1893 657 1976 Reddidit.
675 1895 741 1968 Est
756 1895 835 1968 illic
847 1895 999 1992 agrestis
1014 1895 1175 1992 imagine
1192 1895 1377 1973 Phoebus:

465 2023 594 2122 thue
603 2023 717 2098 modo
730 2023 916 2121 accipitris
933 2048 1095 2121 pennas,
1111 2023 1223 2097 modo
1238 2035 1340 2123 terga
1352 2022 1460 2098 leonis

466 2151 630 2226 Gesscnt
648 2181 655 2227 :
670 2167 716 2226 ut
728 2165 854 2252 pastor
866 2151 1075 2230 Macareida
1087 2152 1222 2226 luserit
1233 2153 1349 2228 Issen.

463 2285 578 2362 Liber
590 2300 635 2361 ut
647 2289 836 2387 Erigonen
849 2285 940 2361 falsd
953 2285 1142 2384 deceperit
1155 2283 1251 2382 uval3

465 2411 518 2484 Ut
534 2413 719 2487 Satmnus
732 2439 830 2511 equo
842 2413 1036 2510 geminum
1047 2409 1215 2485 Chirona
1226 2411 1372 2486 crearit.

487 2575 491 2582 ·
513 2545 657 2620 Ultima
673 2573 759 2644 pars
775 2547 877 2645 telae,
897 2549 1006 2621 tenui
1022 2545 1253 2620 circumdata
1268 2545 1405 2641 limbo,

465 2677 662 2752 Nexilibus
679 2677 788 2751 flores
805 2676 956 2752 hederis
973 2677 1086 2751 habet
1102 2677 1337 2758 intertextus.

512 3131 547 3206 N
553 3157 613 3206 on·
627 3132 723 3206 illud
740 3133 874 3230 Pallas,
894 3159 973 3207 uon
988 3134 1086 3208 illud
1100 3159 1251 3231 carpere
1263 3134 1381 3208 Livor

463 3262 583 3336 Possit
596 3288 703 3360 opus.
723 3263 856 3342 Doluit
866 3289 1037 3337 successu
1050 3262 1149 3337 flava
1160 3261 1315 3360 Virag03

385 3393 392 3407 “
463 3393 511 3470 Et
525 3393 633 3491 rupit
645 3396 781 3492 pictas,
801 3395 965 3470 coelestia
980 3401 989 3432 ¹
1006 3393 1185 3491 crimina,
1202 3405 1335 3467 vestes.

462 3522 589 3622 thue
603 3523 798 3622 Cytoriaco
812 3525 963 3598 radium
979 3525 1028 3598 de
1041 3536 1169 3598 monte
1185 3523 1354 3632 tenebat,

462 3649 538 3726 Ter
552 3668 685 3752 quater
698 3655 882 3732 ldmoniae
895 3657 1061 3732 frontem
1075 3655 1260 3756 percussit
1272 3651 1461 3727 Araclmes.

631 2905 677 2978 V.
704 2905 887 2980 Arachne
901 2919 1070 2978 mutatur
1081 2908 1121 2978 in
1137 2905 1349 2979 Araneom.

462 3786 548 3859 Non
564 3788 654 3860 tulit
666 3787 819 3887 infelix,
836 3789 1045 3889 laqueoque
1063 3789 1231 3865 animosa
1242 3789 1374 3910 ligavit

502 3983 510 4014 ¹
522 3981 586 4037 Hoc
590 3994 736 4056 proetextu
745 3983 847 4040 Pallas
855 3987 943 4042 telam
949 3985 1098 4043 Arachnes
1104 3987 1204 4046 meried
1212 3987 1373 4044 dilacerare
1378 3978 1482 4037 videtur.
