3218 5342
410 475 482 553 566
527 491 611 548 nus
639 463 1082 546 niranonrnosns
1115 481 1344 561 norme,

486 754 574 829 XV.
606 753 721 824 Canis
737 745 940 822 Proetidas
956 745 998 818 in
1014 741 1182 843 lapidem
1198 755 1379 816 matema.

318 1113 322 1124 ,
458 1039 680 1110 Ciusssna
696 1025 849 1103 Laiades
868 1052 947 1100 non
963 1024 1153 1099 intellecta
1168 1024 1343 1122 priorum

409 1167 578 1242 Solverat
594 1157 774 1268 ingeniis3
795 1166 832 1228 et
848 1156 1080 1254 praecipitata
1093 1153 1255 1251 jacebat,

408 1299 614 1377 Immemor
630 1293 828 1388 ambagum
838 1347 849 1386 ,
868 1299 971 1362 vates
989 1288 1166 1383 obscura,
1186 1307 1354 1358 suarum.

407 1427 556 1504 Scilicet
568 1425 665 1498 alma
677 1419 834 1494 Themis
848 1443 927 1489 non
941 1417 1030 1490 talia
1040 1416 1185 1513 linquit
1196 1414 1330 1490 inulto.

408 1561 587 1636 Protinus
603 1555 734 1630 Aoniis
748 1549 971 1626 immittitur
984 1549 1099 1622 altera
1110 1547 1253 1622 Thebis

408 1693 545 1787 Pestis3
562 1701 600 1762 et
613 1685 730 1762 exitio
743 1683 857 1758 multi
871 1707 1128 1780 pecorumque
1140 1703 1285 1778 suoque

409 1825 610 1922 Rurigenae
623 1819 758 1917 pavere
771 1815 901 1889 ieram.
917 1813 1052 1887 Vicina
1064 1815 1245 1908 juventus

406 1959 613 2050 Venimus,
629 1965 666 2026 et
677 1953 771 2025 latos
785 1948 961 2046 indagine
973 1947 1166 2021 cinximus
1179 1969 1293 2044 agros.

408 2085 478 2162 Illa
492 2081 570 2156 levi
587 2081 700 2155 velox
715 2077 915 2176 superabat
930 2075 1026 2148 retia
1040 2075 1160 2171 saltu,

410 2214 641 2308 Summaque
655 2208 838 2284 transibat
851 2205 1060 2303 positarum
1074 2205 1154 2277 lina
1166 2204 1369 2302 plagarum.

410 2343 554 2439 Copula
567 2337 783 2414 detrahitur
795 2333 971 2430 canibus,
987 2359 1080 2432 quas
1093 2333 1157 2406 illa
1170 2343 1366 2432 sequentes

409 2473 567 2571 Effugit,
582 2481 620 2544 et
633 2467 782 2544 volucri
796 2491 875 2539 non
889 2467 1038 2562 segnius
1053 2465 1140 2538 alite
1151 2464 1263 2539 ludit.

396 2581 546 2677 'Poscor
558 2612 595 2675 et
607 2601 688 2696 ipse
702 2623 831 2672 meum
846 2621 1032 2672 consensu
1045 2598 1192 2697 Laelapa
1204 2623 1360 2697 magno:

407 2733 580 2811 Muneris
593 2730 668 2803 hoc
679 2755 833 2803 nomen.
849 2729 1096 2806 iamdudum
1109 2731 1264 2806 vincula
1276 2744 1419 2831 pugnat

409 2869 559 2942 Exuere
575 2865 654 2961 ipse
667 2861 758 2959 sibi,
776 2861 947 2962 colloque
960 2865 1147 2938 morantia
1158 2863 1291 2940 tendit.

407 2998 487 3072 Vix
498 2999 594 3070 bene
608 2995 744 3069 missus
760 3007 856 3092 erat,
871 3023 941 3070 nec
954 2997 1029 3092 jam
1043 3011 1276 3097 poteramus,
1292 2999 1360 3074 ubi
1375 3011 1486 3098 esset,

409 3129 511 3204 Scire
525 3157 532 3202 :
548 3127 690 3226 pedum
704 3126 846 3202 calidus
860 3131 1012 3228 vestigia
1025 3131 1153 3229 pulvis
1165 3131 1346 3230 habebat,

406 3261 491 3358 Ipse
505 3259 624 3335 oculis
637 3272 788 3357 ereptus
802 3274 892 3336 erat.
908 3262 992 3336 Non
1008 3265 1111 3338 ocior
1123 3263 1190 3337 illo

406 3391 539 3484 Hasta,
556 3413 625 3461 nec
638 3414 803 3462 excussae
815 3403 987 3465 contorto
999 3393 1157 3467 verbere
1170 3392 1339 3493 glandes,

405 3516 483 3594 Nec
496 3517 723 3614 Gortyniaco
736 3519 899 3594 calamus
912 3522 1006 3594 levis
1020 3524 1099 3597 exit
1111 3525 1158 3598 ab
1171 3549 1273 3598 arcu.

457 3644 569 3720 Collis
581 3673 678 3743 apex
691 3648 806 3722 medii
819 3653 993 3747 subjectis
1007 3653 1183 3728 imminet
1195 3653 1295 3728 arvis
1309 3683 1318 3728 :

404 3774 534 3850 Tollor
546 3777 609 3870 eb,
625 3777 805 3874 capioque
819 3781 911 3854 novi
926 3783 1132 3878 spectacula
1147 3781 1301 3856 cursirs:

408 3903 495 3992 Quo
508 3905 621 3981 modo
635 3905 837 4009 deprendi,
853 3910 965 3986 modi)
978 3939 1016 3986 se
1030 3913 1239 3988 subducere
1252 3913 1299 3986 ab
1312 3909 1394 4010 ipso
