3214 5300
418 477 466 550 42
501 493 504 502 “
539 493 623 548 mes
652 465 1366 574 ur'e0rsuonouosas.o’ovroa,'

419 627 522 700 Scire
538 626 673 700 sinunt
685 625 850 698 tenebrae
868 654 876 700 :
891 651 971 700 non
984 625 1066 699 illas
1082 627 1214 725 pluma
1228 631 1393 730 levavit3

420 760 643 836 Sustinuere
659 770 785 832 tamen
799 783 838 832 se
853 758 1136 857 perlucentibus
1152 760 1232 836 alis.
1435 736 1437 742 Ι

342 951 346 960 ,
421 895 650 992 Conataeque
663 892 788 990 loqui,
809 891 1008 968 minimam
1021 918 1092 991 pro
1108 919 1265 992 corpore
1275 922 1410 971 vocem

420 1025 629 1122 Emittunt3
648 1033 907 1122 peraguntque
922 1021 1024 1097 leves
1038 1024 1199 1098 stridore
1212 1027 1395 1124 querelas.

421 1153 629 1252 Tectaque,
645 1180 726 1228 non
741 1153 873 1250 silvas,
894 1151 1084 1226 celebrant
1100 1181 1108 1225 ε
1122 1153 1324 1251 lucemque
1336 1167 1476 1253 perosae
1582 1171 1583 1238 ς

421 1287 537 1362 Nocte
552 1287 682 1361 volant
696 1309 873 1382 :seroque
887 1282 1047 1358 trahunt
1059 1308 1082 1355 a
1094 1307 1250 1380 vespere
1259 1309 1413 1359 nomen.

609 1515 729 1589 VIII.
757 1517 828 1588 Ino
843 1517 1007 1588 lunonis
1024 1517 1092 1588 iroe
1107 1515 1282 1588 obnoxia.

472 1745 577 1822 Tou
592 1747 684 1820 verb
697 1746 786 1820 totis
800 1743 938 1819 Bacchi
953 1743 1198 1818 memorabile
1209 1741 1351 1817 Thebis

423 1873 576 1954 Numen
591 1891 669 1952 erat
676 1909 688 1976 3
707 1903 933 1976 magnasque
948 1876 1042 1950 novi
1056 1885 1257 1949 matertera
1272 1881 1281 1912 ¹
1300 1875 1402 1951 vires

423 2007 557 2081 Narrat
571 2006 716 2104 ubique
727 2004 800 2080 Dei
818 2003 888 2080 :de
901 2015 1034 2101 totque
1051 2003 1244 2080 sororibus
1257 2030 1391 2102 expers

424 2135 510 2209 Una
526 2137 666 2211 doloris
682 2148 780 2233 erat,
798 2135 874 2209 nisi
887 2161 1003 2233 quem
1016 2134 1136 2210 fecere
1149 2161 1305 2210 sorores.

425 2268 571 2366 Aspicit
581 2267 698 2364 hane,
715 2266 812 2340 natis
822 2267 1065 2364 thalamoque
1076 2268 1314 2342 Athamantis
1325 2267 1524 2347 habentem

425 2401 612 2475 Sublimes
626 2395 792 2498 animos,
809 2412 846 2473 et
857 2401 1013 2473 alumno
1027 2399 1206 2495 numine,
1222 2400 1342 2496 Jun03
1451 2369 1458 2386 „

310 2503 314 2512 Ι
363 2623 368 2634 Ι
473 2537 550 2610 Nec
563 2537 653 2610 tulit
669 2565 678 2611 ·.
695 2548 732 2609 et
744 2563 870 2610 secum
879 2595 889 2634 ,
910 2536 1039 2610 Potuit
1052 2535 1099 2608 de
1108 2535 1239 2633 pellice
1252 2548 1364 2610 natus

400 2723 405 2732 .
426 2663 582 2738 Vertere
592 2649 792 2764 Maeonios,
808 2668 1011 2764 pelagoque
1026 2667 1266 2766 immergere,
1285 2681 1441 2768 nautas,

425 2793 474 2870 Et
486 2797 681 2874 laceranda
694 2826 772 2874 suae
787 2801 865 2875 nati
879 2799 969 2874 dare
983 2800 1128 2875 viscera
1140 2800 1273 2899 matri,

425 2927 474 3002 Et
490 2929 653 3029 triplices
667 2933 814 3030 operire
828 2931 939 3006 novis
953 2932 1166 3030 Minyeidas
1179 2933 1266 3031 alis;

426 3063 488 3138 Nil
505 3066 644 3162 poterit
659 3066 780 3164 Iuno,
798 3067 874 3140 nisi
889 3067 1032 3141 inultos
1045 3067 1135 3142 flere
1152 3067 1327 3142 dolores?

427 3195 549 3292 quue
558 3197 658 3272 mihi
670 3199 757 3271 satis
771 3197 850 3272 est?
864 3197 947 3272 haec
959 3223 1038 3270 una
1050 3199 1220 3295 potentia
1234 3209 1363 3271 nostra
1376 3199 1453 3272 est?

427 3329 510 3426 Ipse
519 3329 632 3405 docet
644 3330 739 3430 quid
752 3357 868 3430 agam.
890 3331 957 3404 Fas
966 3343 1020 3406 est
1034 3343 1070 3404 et
1084 3331 1131 3403 ab
1144 3329 1253 3402 hoste
1266 3329 1414 3427 doceri3

427 3459 607 3560 Quidque
621 3461 730 3536 furor
743 3464 883 3560 valeat,
899 3461 1067 3537 Penthei
1079 3462 1178 3535 caede
1193 3463 1357 3560 satisque

426 3591 481 3665 Ac
490 3619 604 3691 super
617 3595 791 3669 ostendit.
816 3597 894 3668 Cur
908 3622 987 3667 non
1002 3564 1240 3688 stimuletur,
1256 3605 1391 3692 eatque

427 3724 499 3798 Per
515 3739 667 3822 cognata
679 3728 759 3801 suis
772 3729 946 3826 exempla
960 3725 1155 3802 furoribus
1172 3725 1266 3798 Ino?

472 3929 481 3958 ¹
502 3925 619 4001 Nempe
631 3929 687 3984 Iao
694 3967 705 3998 ‚
720 3947 803 3986 soror
815 3927 959 3998 Semeles,
974 3947 1042 4003 quoe
1055 3922 1168 3983 Bacchi
1177 3929 1280 3981 mater.
