3214 5300
417 539 465 612 40
532 553 617 610 aas
647 525 1086 608 udrauoarnosas
1119 551 1348 628 momen,

547 765 642 840 Vll.
671 767 784 838 Filioe
800 765 950 863 Minyei
963 765 1003 835 in
1024 765 1067 838 V
1060 766 1327 862 espertilienec.

464 979 600 1054 Fnus
617 989 696 1050 erat
709 975 819 1049 dictis
828 1005 839 1072 3
855 985 893 1048 et
906 973 1032 1049 adhue
1046 974 1215 1074 Minyeia
1231 975 1355 1074 proles

412 1109 530 1207 Urget
542 1135 656 1206 opus,
676 1105 897 1205 spernitque
905 1107 1052 1204 Deum,
1068 1105 1283 1204 festumque
1295 1103 1486 1205 prolanat;

414 1241 613 1340 Tympana
626 1241 716 1313 cirm
729 1215 857 1311 subite
871 1261 951 1310 non
964 1241 1184 1334 apparentia
1199 1239 1325 1312 raucis

416 1369 670 1467 Obstrepuere
684 1367 785 1440 sonis
805 1394 812 1439 :
833 1378 871 1439 et
883 1365 1031 1440 adunco
1046 1366 1138 1440 tibia
1154 1391 1296 1464 cornu,
1395 1449 1402 1460 ¹

414 1500 891 1596 Tinnulaqueaerasonant.
901 1491 1336 1597 Redolentmyrrhaeque
1343 1497 1524 1596 crucique:

415 1632 565 1730 Resque
577 1629 651 1703 fide
664 1629 803 1726 major,
823 1628 971 1725 coepdre
987 1630 1173 1704 virescere
1186 1631 1291 1729 telae,

414 1766 536 1863 Inque
548 1761 698 1870 hedera³
715 1759 849 1836 faciem
861 1761 1031 1860 pendens
1045 1753 1284 1838 frondescere
1299 1758 1427 1839 vestis.

412 1898 502 1972 Pars
518 1898 594 1972 abit
608 1898 651 1971 in
668 1898 764 1971 vites
785 1925 793 1970 :
813 1907 850 1968 et
867 1919 952 1993 quae
970 1893 1084 1970 modb
1098 1895 1161 1969 fila
1176 1892 1356 1994 fuerunt,

411 2029 570 2104 Palmite
586 2041 788 2104 mutantur
805 2057 812 2102 :
829 2027 877 2102 de
894 2027 1055 2102 stamine
1073 2027 1277 2126 pampinus
1290 2029 1391 2124 exit3

416 2165 594 2262 Purpura
610 2163 796 2261 fulgorem
813 2160 925 2258 pictis
942 2161 1197 2235 accommodat
1212 2164 1312 2237 uvis.

417 2335 419 2340 ,
459 2293 620 2390 Jamque
637 2289 716 2364 dies
730 2300 884 2363 exactus
898 2302 994 2386 erat,
1012 2301 1239 2387 tempusque
1256 2284 1425 2386 subibat,

412 2421 525 2511 Quod
541 2407 586 2496 tu
600 2448 671 2495 nec
687 2421 876 2517 tenebras,
893 2447 963 2495 nec
975 2423 1094 2518 possis
1107 2421 1234 2512 dicere
1249 2420 1375 2498 lucem
1392 2427 1424 2520 ¹3

412 2551 484 2628 Sed
500 2579 590 2628 cum
602 2553 691 2626 luce
704 2565 830 2626 tamen
845 2551 973 2626 dubim
986 2551 1152 2627 confinia
1169 2551 1302 2627 noctis.

311 2773 319 2786 ι
411 2683 526 2757 Tecta
542 2693 695 2781 repente
714 2681 841 2778 quati,
863 2682 1100 2780 pinguesque
1116 2681 1247 2756 ardere
1263 2680 1450 2755 videntur

411 2813 638 2912 Lampadas,
660 2823 696 2884 et
710 2811 835 2885 rutilis
849 2810 1033 2886 collucere
1052 2811 1202 2924 ignibus
1216 2811 1331 2908 aedes3

413 2943 592 3040 Falsaque
606 2967 792 3015 saevarum
810 2939 1009 3014 simulacra
1027 2941 1175 3014 ululare
1187 2940 1367 3015 ferarum.

410 3074 573 3147 Fumida
585 3074 660 3169 jam
673 3071 824 3146 dudum
841 3070 990 3146 latitant
1006 3085 1183 3171 perlecta
1198 3097 1363 3169 sorores3

409 3203 657 3301 Diversaeque
670 3203 760 3277 locis
775 3205 877 3302 ignes
890 3229 932 3278 ac
949 3203 1098 3277 lumina
1112 3205 1247 3280 vitant.

408 3331 591 3429 Dumque
602 3343 739 3432 petunt
751 3334 927 3432 latebras,
943 3361 1081 3433 parvos
1094 3335 1313 3410 membrana
1327 3358 1396 3432 per
1409 3345 1511 3406 arms
1589 3407 1590 3420 ἶ

408 3463 642 3562 Porrigitur,
661 3463 846 3561 tenuique
860 3464 1011 3538 inducit
1022 3466 1177 3539 brachia
1192 3463 1330 3563 pennd.

407 3587 484 3668 Nec
502 3591 578 3689 qud
595 3592 830 3690 perdiderint
844 3605 1011 3666 veterem
1028 3595 1175 3668 ratione
1189 3593 1347 3692 figuram

450 3790 460 3820 ¹
486 3789 511 3845 Il
523 3789 593 3845 erait
606 3800 674 3846 tout
687 3789 789 3865 simple
800 3791 838 3848 de
849 3790 988 3847 restituet
998 3790 1016 3848 'a
1027 3790 1123 3848 Ovide
1133 3789 1161 3850 le
1172 3810 1239 3849 vers
1251 3809 1310 3866 que
1320 3791 1363 3846 La
1373 3789 1454 3846 Fon·

408 3884 489 3943 taine
503 3886 546 3943 lui
561 3886 643 3945 avait
659 3890 816 3962 emprunte
828 3888 903 3945 dans
920 3907 951 3946 aa
964 3887 1042 3946 table
1057 3889 1248 3957 chamanto,
1263 3886 1395 3943 intitule'e
1412 3888 1454 3942 les

409 3987 531 4062 Lupias.
