3210 5324
437 483 508 560 256
555 495 641 556 urs
671 465 1111 550 ubruuournosus
1140 487 1368 569 uorsus,

435 647 540 742 Saepe
552 665 679 716 sorore
696 636 782 732 sus,
797 633 943 732 magnis
957 633 1214 732 superomnia
1231 636 1353 710 Divis.
1400 660 1402 674 ·

434 777 503 852 Illa
514 747 663 871 trebrit,
681 771 787 846 velut
800 793 894 866 agua
903 791 1065 864 pavens,
1085 793 1171 864 quae
1187 769 1312 844 saucia
1324 769 1411 844 cani

433 909 512 984 Ore
521 927 681 996 excussa
692 899 796 998 lupi,
813 895 988 972 nondum
1002 897 1076 972 sibi
1088 907 1172 972 tuta
1183 897 1355 996 videtur3
1459 933 1463 940 ·

433 1040 561 1138 thue
575 1036 768 1132 columbo,
785 1058 854 1108 suo
871 1031 1087 1122 madefactis
1104 1032 1285 1130 sanguine
1297 1033 1460 1132 plumis,

432 1172 573 1248 Horret
579 1169 717 1266 adhuc,
727 1165 934 1264 avidosque
940 1167 1063 1264 timet,
1071 1167 1211 1265 quibus
1218 1166 1390 1264 haeserat,
1398 1193 1544 1266 ungues.

479 1304 575 1382 Mox
584 1302 653 1378 ubi
668 1325 776 1376 mens
792 1299 926 1398 rediit3
945 1327 1071 1400 passos
1085 1301 1224 1376 laniata
1239 1301 1416 1401 capillos,

432 1431 596 1535 Lugenti
611 1439 619 1468 ¹
639 1430 791 1527 similis,
810 1430 914 1504 caesis
927 1431 1103 1530 plangore
1114 1432 1282 1529 lacertis,

432 1562 638 1644 Intendens
650 1559 810 1659 palmas,
825 1560 921 1636 Pro!
939 1558 1052 1658 diris,
1067 1563 1246 1659 barbare,
1261 1561 1369 1638 factis
1384 1563 1393 1635 !

431 1698 508 1774 Pro
520 1693 682 1772 crudelis
695 1696 703 1767 Ι
716 1694 786 1766 ait.
795 1691 881 1767 Nec
890 1704 929 1767 te
941 1693 1118 1769 mundata
1132 1694 1298 1792 parentis

311 1880 313 1888 ι
432 1829 532 1903 Cum
544 1821 719 1921 lacrymis
732 1823 887 1896 movere
900 1823 994 1922 piis,
1009 1850 1079 1899 nec
1095 1850 1187 1898 cura
1198 1822 1356 1920 sororis,
1446 1863 1450 1870 ·

429 1952 507 2034 Nec
522 1982 606 2030 mea
617 1953 834 2052 virginitss3
853 1979 924 2028 nec
940 1955 1147 2054 conjugalis
1161 1951 1270 2051 jura?

393 2095 398 2108 '
433 2087 575 2164 Omnia
588 2084 761 2159 turbasti.
779 2081 909 2158 Pollex
923 2111 988 2184 ego
1005 2084 1100 2162 facta
1114 2083 1273 2180 sororis,

383 2260 387 2270 ·
429 2218 493 2294 Tu
506 2216 668 2318 geminis
678 2218 833 2313 conjux.
850 2217 937 2291 Non
950 2216 1033 2292 boec
1045 2216 1145 2290 mihi
1160 2215 1286 2292 debita
1302 2239 1430 2312 poena.

430 2347 831 2446 Qumammarnhauc,
842 2376 892 2422 ne
900 2351 1004 2447 quod
1011 2349 1158 2424 focinus
1165 2350 1248 2446 t1b1,
1259 2345 1415 2447 perfide,
1425 2357 1598 2476 restet,

429 2475 705 2576 Eripislatque
721 2473 869 2552 utinam
885 2476 1032 2551 fecisses
1045 2477 1327 2552 antenefandos
1597 2421 1598 2568 l

250 2671 258 2704 ,
289 2657 293 2662 ·
430 2609 684 2685 Concubitus!
702 2633 838 2684 vacuas
853 2609 1071 2686 habuissem
1084 2611 1255 2686 criminis
1269 2613 1438 2686 umbras.
1597 2583 1598 2600 ἵ

428 2733 470 2815 Si
484 2751 612 2812 tamen
628 2739 710 2812 haeo
723 2738 860 2838 Superi
872 2753 1058 2837 cernunt,
1078 2741 1110 2816 si
1124 2740 1287 2814 numina
1298 2739 1445 2812 Divum

388 2874 529 2948 *Sunt
544 2869 709 2968 aliquid,
729 2871 762 2945 si
772 2897 853 2946 non
865 2874 1065 2971 perierunt
1078 2874 1207 2948 omnia
1218 2897 1391 2967 mecum3
1597 2947 1598 3010 1

428 3004 756 3101 Quandocumque
769 3004 868 3078 mihi
880 3031 1012 3103 poenas
1028 3004 1146 3082 dabis.
1165 3001 1432 3101 Ipsa‚pud0ro
1597 3017 1598 3076 l

427 3137 699 3233 ijecto,tua
713 3135 808 3209 sactu
821 3137 968 3234 loquar.
989 3135 1029 3210 si
1041 3135 1149 3233 oopio
1163 3133 1295 3230 detur,

427 3265 476 3342 ln
488 3263 648 3363 populos
661 3261 814 3338 veniam
830 3265 883 3338 :si
897 3265 1004 3339 silvis
1017 3265 1141 3338 clausa
1153 3265 1328 3360 tenebor,

1597 3391 1598 3428 l

426 3377 599 3495 luiplebo
614 3396 726 3470 silvas
743 3409 781 3470 et
796 3398 944 3472 conseia
959 3423 1049 3472 saxa
1065 3397 1240 3496 querelis.

428 3524 571 3604 Audiat
582 3524 665 3602 haeo
678 3526 814 3627 aether,
832 3529 915 3602 etsi
931 3531 1033 3604 Deus
1047 3531 1151 3604 ullus
1164 3529 1207 3602 in
1219 3526 1285 3600 illo
1298 3536 1366 3600 est.

469 3727 480 3758 ¹
502 3723 666 3784 Sembloble
677 3725 694 3781 l
705 3744 764 3782 une
773 3726 930 3800 pleureuse
939 3727 993 3804 qui
1002 3727 1062 3786 suit
1072 3747 1115 3786 un
1124 3727 1233 3786 con-soi
1240 3723 1376 3784 funebre.
1386 3723 1474 3780 Cotto

426 3824 523 3902 imge
535 3837 579 3884 est
590 3825 843 3902 tris-pathetique.
853 3827 894 3886 Le
905 3827 1003 3906 visage
1014 3829 1050 3886 de
1058 3829 1228 3900 Philomele,
1237 3847 1281 3887 ses
1291 3831 1406 3906 pleurs,
1414 3843 1475 3886 tou

425 3933 525 4006 goso,
540 3936 608 3986 tout
620 3928 747 4008 prepare
758 3928 778 3990 l
790 3926 965 4006 l’explosiou
978 3928 1105 3990 violente
1117 3929 1154 3989 de
1166 3949 1222 3990 son
1233 3931 1396 4010 desespoir.
1597 3959 1598 4040 1
