3178 5312
359 582 408 660 68
478 592 564 650 nus
594 529 1038 644 udrsuouruosrs
1067 567 1299 644 moeros,

360 742 491 820 Crevit
503 741 546 814 in
558 738 808 824 immensum,
825 723 921 824 (sie,
936 719 1005 818 Dt,
1021 717 1224 815 statuistis)
1238 727 1275 790 et
1288 739 1404 790 omne
1421 719 1430 748 ¹

362 876 461 948 Cum
472 881 530 945 tot
545 864 732 942 sideribus
746 856 890 934 eoelum
902 851 1093 950 requievit
1105 851 1148 924 in
1160 849 1241 928 illo.

675 1083 817 1160 XVII.
844 1079 1098 1157 Andromede.

415 1328 699 1400 cerussam
715 1308 945 1414 Hippotades
961 1319 1103 1383 aeterno
1119 1272 1265 1378 earoere
1277 1313 1434 1397 ventos;

367 1448 673 1544 Admonitorque
685 1465 864 1542 operum,
880 1435 977 1511 coelo
989 1432 1218 1508 clarissimus
1235 1431 1329 1528 alto,

368 1579 522 1658 Lucifer
536 1589 642 1654 ortus
652 1587 732 1649 erat
749 1600 757 1646 ε
773 1568 910 1670 pennis
927 1565 1016 1663 ligat
1030 1563 1095 1636 ille
1111 1559 1288 1636 resumtis

368 1707 478 1782 Parte
492 1707 539 1779 ab
557 1701 719 1798 utrique
731 1696 865 1797 pedes,
880 1693 1031 1791 teloque
1043 1689 1252 1792 aecingitur
1264 1710 1365 1760 unco
1372 1715 1385 1782 3

369 1837 417 1910 Et
433 1833 627 1934 liquidum
639 1827 754 1914 motis
769 1825 951 1900 talaribus
967 1827 1052 1896 abra
1063 1821 1188 1895 findit.

323 2017 326 2023 -
370 1965 560 2038 Gentibus
574 1963 790 2036 innumeris
807 1956 1029 2050 circumque
1042 1949 1219 2047 infraque
1235 1946 1393 2045 relictis,

372 2096 599 2193 AEthiopurn
612 2091 792 2190 populos,
810 2085 974 2185 Cepheia
986 2082 1170 2181 conspicit
1182 2105 1286 2156 arva.

422 2224 505 2298 lllio
517 2222 749 2296 immeritam
764 2229 945 2293 maternas
961 2211 1127 2312 pendere
1140 2213 1280 2310 lingue

374 2347 648 2431 Andromedan
662 2370 794 2443 poenas
808 2344 974 2440 injustus
986 2343 1146 2437 jusserat
1162 2339 1366 2413 Hammon.

375 2482 502 2570 Quam
515 2474 692 2554 simulad
707 2473 821 2547 durus
837 2472 1027 2569 religatam
1042 2469 1197 2545 brachia
1210 2483 1336 2545 cautes

376 2608 485 2685 Vidit
500 2599 728 2680 Abantiades
736 2632 747 2700 3
763 2601 839 2674 nisi
851 2600 956 2697 quod
972 2599 1068 2675 levis
1081 2627 1174 2676 aura
1190 2601 1342 2701 capillos

379 2740 570 2834 Moverat,
586 2745 624 2806 et
636 2730 764 2831 tepido
774 2731 978 2806 manabant
990 2730 1139 2806 lumina
1151 2731 1264 2830 fletu3

378 2871 637 2949 Marmoreum
651 2877 754 2939 ratus
762 2877 857 2938 esset
865 2889 974 2962 opus.
990 2862 1276 2939 Trahitinscius
1288 2865 1414 2964 igne's3

382 3001 431 3078 Et
443 3009 571 3095 stupet
587 3024 595 3069 :
612 3006 650 3069 et
662 2995 754 3069 visae
769 3005 965 3090 eorreptus
979 2993 1139 3092 imagine
1152 2993 1303 3094 forme,

381 3132 496 3212 Paene
511 3153 597 3202 suas
610 3137 766 3226 quatere
780 3138 836 3200 est
848 3125 989 3199 oblitus
1006 3125 1049 3200 in
1062 3131 1146 3201 ats're
1163 3153 1307 3226 pennas
1320 3134 1347 3204 ⁸.

381 3259 438 3336 Ut
449 3263 571 3357 stetit,
590 3261 647 3335 0!
664 3258 779 3356 dixit,
799 3285 879 3333 non
892 3258 974 3332 istis
989 3259 1103 3358 digna
1115 3263 1275 3358 catenis,

290 3415 296 3426 ·
383 3392 457 3468 sed
472 3392 613 3490 quibus
625 3392 728 3466 inter
737 3415 777 3464 se
791 3388 922 3490 cupidi
935 3391 1151 3489 junguntur
1164 3401 1346 3489 amantes3

431 3593 443 3623 ⁸
469 3589 563 3645 Omne
568 3607 630 3663 pro
641 3598 699 3644 toro
709 3585 793 3662 soepd
805 3586 1065 3662 apodabponirar.
1081 3588 1131 3644 On
1143 3603 1162 3643 a
1174 3583 1258 3643 tlebt
1270 3585 1307 3643 do
1320 3584 1430 3646 rendre

386 3684 416 3744 ls
429 3684 579 3761 prdeision
598 3684 635 3740 de
653 3701 702 3741 ees
722 3703 811 3756 vers,
830 3693 937 3742 autaut
957 3703 1017 3761 que
1035 3683 1074 3741 l'a
1093 3683 1204 3760 permis
1221 3684 1378 3763 ltntgalire
1394 3685 1431 3743 de

389 3793 479 3842 notre
493 3783 613 3858 langue.

435 3886 449 3916 ⁸
472 3881 682 3938 Cimonstanee
694 3879 777 3938 mie
790 3878 1019 3957 mingentem,
1034 3877 1087 3956 qui
1099 3897 1215 3954 pronve
1229 3877 1377 3938 l'babiletd
1390 3879 1433 3938 du

388 3980 477 4053 poste
489 3979 507 4038 i
521 3978 606 4038 saisir
620 3979 662 4037 les
676 3976 786 4058 images
799 3998 858 4060 qne
872 3997 928 4039 son
941 3977 1019 4054 sajet
1032 3976 1076 4038 lui
1089 3981 1235 4054 presente.
