3214 5300
407 507 456 582 60
524 523 608 580 nus
639 498 1084 608 nbranouuuosrs
1115 525 1346 608 novior,

406 679 585 778 Dumque
600 679 743 778 aliquid
760 678 1067 778 superestdeme3
1084 703 1146 750 me
1155 689 1264 777 tange
1275 709 1284 754 ε
1295 705 1533 778 manumque

404 811 559 910 Accipe,
571 812 665 884 dum
673 835 809 884 manus
818 823 872 886 est
881 841 891 905 3
900 809 1080 883 dumnon
1088 819 1212 882 totum
1219 811 1527 910 occupatanguis.

403 939 472 1014 Ille
488 943 644 1040 quidem
661 943 747 1015 vult
761 943 872 1040 plura
885 941 993 1039 loqui
1013 969 1021 1015 :
1037 940 1100 1014 sed
1117 941 1248 1040 lingua
1263 948 1417 1041 repente

402 1067 449 1140 ln
464 1081 585 1166 partes
599 1082 654 1144 est
669 1070 754 1144 fissa
765 1069 871 1145 duas.
890 1069 966 1143 Nec
983 1070 1099 1144 verba
1108 1069 1256 1144 volenti

389 1197 606 1295 ‚Sufficiunt
623 1229 630 1272 :
648 1201 794 1297 quotics
804 1201 951 1298 aliquos
967 1177 1073 1297 parat
1088 1199 1199 1274 edere
1216 1211 1390 1299 questus,

403 1327 536 1400 Sibilat
552 1335 560 1366 ¹
582 1358 589 1402 :
608 1329 707 1403 hanc
719 1329 776 1407 illi
790 1356 921 1404 vocem
934 1330 1080 1404 Natura
1093 1329 1288 1426 relinquit.

401 1459 513 1534 Nuda
523 1488 643 1536 manu
659 1460 815 1560 seriens,
833 1463 1035 1559 exclamat,
1055 1475 1205 1561 pectora
1222 1466 1385 1560 conjux,

403 1591 559 1689 Cadme,
579 1620 690 1668 mane
709 1624 716 1669 :
735 1608 848 1692 teque
861 1594 942 1690 his,
962 1592 1115 1691 infelix,
1135 1621 1232 1668 exue
1249 1594 1442 1669 monstris.

402 1724 554 1799 Cadme!
564 1727 659 1823 quid
669 1727 761 1801 hoc?
768 1729 836 1801 ubi
843 1729 927 1826 pes?
936 1729 1005 1801 ubi
1012 1728 1338 1826 sunthumerique
1346 1753 1521 1826 manusq3

400 1856 447 1928 Et
460 1853 584 1946 color,¹
598 1865 636 1925 et
647 1853 782 1928 facies?
795 1866 852 1950 et,
868 1854 963 1930 dum
973 1857 1127 1952 loquor,
1145 1856 1297 1930 omnia?
1310 1881 1381 1929 cur
1394 1881 1475 1929 non

402 1981 464 2056 Me
477 2011 647 2083 quoque,
659 1985 849 2081 Coelcstes,
865 1985 907 2058 in
916 1986 1093 2060 eumdem
1107 1987 1254 2059 vertitis
1262 1985 1451 2083 anguem?

396 2109 557 2188 Dixerat
576 2144 583 2187 :
600 2115 665 2187 illc
678 2140 756 2188 suae
769 2114 956 2187 lambebat
970 2113 1138 2210 conjugis
1155 2139 1237 2204 ora;

400 2244 521 2342 Inque
535 2246 643 2318 sinus
656 2271 779 2340 caros,
796 2243 918 2318 veluti
933 2258 1186 2342 cognosceret,
1205 2243 1302 2338 ibat3

399 2377 448 2449 Et
460 2376 571 2450 dabat
584 2376 804 2476 conplexus,
823 2388 1042 2472 assuetaque
1056 2375 1150 2450 colla
1163 2376 1322 2471 petebat.

399 2510 583 2606 Quisquis
598 2509 719 2605 adest,
738 2508 892 2582 aderant
905 2510 1080 2605 comites,
1095 2520 1261 2582 terretur
1278 2534 1286 2580 ε
1306 2517 1345 2578 at
1361 2504 1446 2578 illos

398 2637 563 2712 Lubrica
578 2639 816 2734 permulcent
831 2638 973 2711 cristati
986 2637 1080 2712 colla
1093 2636 1293 2729 dracones,

398 2767 445 2841 Et
459 2770 585 2843 subito
599 2771 677 2844 duo
693 2783 783 2845 sunt
801 2799 809 2844 τ
826 2774 1034 2868 junctoque
1051 2771 1249 2844 volumine
1262 2777 1440 2866 serpunt,

397 2899 529 2973 Donec
541 2901 584 2986 in
597 2904 756 3001 appositi
770 2907 938 2977 nemoris
953 2903 1102 2977 subiere
1114 2887 1284 2975 latebras}

396 3033 509 3106 Nunc
515 3057 667 3128 quoque
675 3057 742 3104 nec
751 3029 903 3128 lugiunt
910 3030 1120 3125 hominem,
1129 3055 1199 3103 nec
1208 3021 1524 3103 vulnerelaedunt
1538 3033 1547 3062 ¹
1555 3057 1565 3121 ;

398 3163 580 3259 Quidque
593 3161 700 3259 prius
713 3159 877 3258 suerint,
893 3159 1031 3258 placidi
1044 3159 1253 3234 meminere
1267 3155 1460 3230 dracones.

440 3367 448 3393 ¹
464 3361 587 3417 Sibilore
595 3373 638 3419 ese
646 3359 767 3417 verbum
766 3359 919 3430 suentium
929 3359 949 3414 ὰ
957 3359 1039 3416 vocis
1046 3376 1118 3415 sono
1127 3357 1313 3412 declinatum.
1322 3351 1442 3409 Naturd

399 3471 496 3514 cutem
517 3458 636 3514 sibilant
653 3467 807 3531 sementes.
831 3455 873 3511 La
894 3453 987 3511 mdme
1010 3455 1206 3527 onomatopie
1228 3461 1270 3508 est
1288 3467 1401 3524 propre
1421 3447 1439 3503 b

398 3567 485 3614 notre
499 3555 617 3633 langue.

553 3701 618 3745 Pour
632 3698 673 3759 qul
686 3705 740 3743 sont
751 3711 790 3742 ces
803 3711 899 3760 serpens
913 3700 953 3760 qui
965 3695 1052 3743 silflent
1062 3711 1102 3743 sur
1114 3709 1157 3742 vo·
1169 3693 1248 3740 titos?

440 3835 453 3866 ⁸
468 3831 615 3906 Anguinm
624 3840 760 3885 naturam
770 3829 905 3886 describit
904 3833 1012 3904 poo'tn5
1020 3847 1089 3884 narn
1097 3839 1243 3902 serpentes
1250 3842 1302 3880 nee
1302 3822 1435 3899 fugiunt,

397 3947 450 3985 oce
462 3927 617 4004 offendunt
626 3925 782 3986 hominem.
