3218 5300
472 517 544 594 180
585 531 672 589 ecs
700 503 1140 586 nrirnrsonruoscs
1172 531 1405 616 u’ovrns,

471 677 543 753 Sed
561 681 660 752 certe
673 676 876 773 sonituque
892 673 1035 773 pedum
1047 678 1234 779 terrebar,
1253 693 1290 756 et
1304 681 1436 781 ingens

472 813 640 887 Crinaies
653 812 767 886 vittas
783 809 929 884 afflabat
940 806 1132 883 anhelitus
1145 812 1234 888 oris.
1572 809 1573 842 ⁴

470 943 580 1018 Fessa
591 945 718 1018 labore
731 941 850 1040 fugae,
863 939 935 1015 Fer
947 967 1077 1040 opem,
1093 941 1543 1044 deprendimur,inquam;

471 1073 694 1172 Armigerae,
709 1073 921 1172 Dictynna,
939 1085 1016 1148 tuae
1037 1102 1046 1148 ε
1065 1075 1128 1148 cui
1142 1101 1238 1174 saepe
1250 1075 1391 1160 dedisti

472 1205 501 1281 F
502 1230 585 1278 erre
600 1216 686 1278 tuos
696 1230 825 1300 arcus,
843 1203 1064 1301 inclusaque
1075 1204 1148 1277 tela
1162 1205 1353 1303 pharetra

471 1335 575 1409 Mota
587 1337 667 1410 Dea
680 1345 735 1410 est
737 1365 752 1440 ,·
769 1333 971 1433 spissisque
983 1331 1107 1408 ferens
1121 1360 1142 1406 e
1155 1334 1324 1408 nubibus
1337 1359 1452 1414 unam
1573 1325 1574 1354 i

469 1461 533 1540 Me
546 1487 661 1560 super
676 1461 817 1558 injecit.
836 1461 991 1534 Lustrat
1001 1460 1158 1558 caligine
1170 1473 1306 1536 tectam

470 1589 625 1687 Amnis,
644 1604 681 1664 et
694 1591 847 1688 ignarus
860 1589 1005 1664 circum
1022 1615 1112 1666 cava
1124 1591 1257 1666 nubila
1269 1593 1421 1690 quaerit.

470 1720 610 1819 Bisque
625 1720 773 1818 locum,
789 1747 867 1818 quo
879 1746 941 1794 me
952 1721 1033 1795 Dea
1048 1733 1207 1820 texerat,
1226 1723 1371 1798 inscius
1386 1723 1509 1820 ambit3

470 1855 519 1932 Et
534 1855 613 1953 bis,
629 1857 671 1930 Io
684 1855 891 1951 Arethusa,
907 1856 950 1929 Io
962 1854 1168 1954 Arethusa,
1187 1859 1353 1944 vocavit.

470 1985 573 2076 Quid
582 1985 681 2061 mihi
690 1983 910 2060 tuncanimi
917 1983 1063 2060 miserae
1070 1983 1171 2058 fuiti
1181 2012 1289 2058 anne
1297 1981 1553 2084 quodaguaeest,

469 2115 510 2192 Si
523 2143 599 2214 qua
612 2117 723 2215 lupos
735 2113 844 2189 audit
855 2113 1000 2188 circum
1014 2115 1159 2192 stabula
1170 2115 1243 2188 alta
1260 2115 1482 2192 frementes?
1574 2095 1575 2116 Χ

469 2244 550 2324 Aut
558 2243 698 2343 lepori,
715 2243 784 2342 qui
795 2267 911 2341 vepre
923 2241 1043 2318 latens
1055 2241 1211 2318 hostilia
1219 2249 1343 2320 cernit

468 2375 548 2452 ora
560 2399 718 2469 canum,
733 2371 936 2469 nullosque
945 2370 1058 2446 audet
1070 2369 1160 2446 darc
1173 2399 1331 2472 corpore
1342 2371 1486 2452 motus?

467 2505 556 2589 Non
568 2519 699 2580 tamen
712 2503 876 2578 abscedit
894 2532 902 2578 :
922 2527 1047 2601 neque
1060 2502 1164 2578 enim
1178 2505 1335 2604 vestigia
1347 2505 1466 2582 cernit

468 2630 634 2730 Longius
647 2631 724 2704 ulla
737 2630 882 2728 pedum
899 2658 907 2706 :
925 2641 1048 2705 servat
1060 2630 1279 2728 nubemque
1296 2630 1503 2730 locumque.

469 2767 638 2863 Occupat
649 2767 815 2839 obsessos
831 2763 948 2838 sudor
963 2761 1063 2838 mihi
1076 2760 1235 2860 frigidus
1248 2777 1377 2860 arms,

469 2894 720 2992 caeruleaque
735 2893 878 2968 cadunt
889 2904 968 2967 toto
976 2893 1029 2968 de
1036 2917 1194 2990 corpore
1209 2905 1338 2991 guttae.

470 3024 631 3122 Quique
642 3025 777 3123 pedem
790 3025 915 3124 movi,
934 3037 1063 3099 manat
1073 3025 1194 3122 lacus3
1209 3049 1305 3124 eque
1318 3022 1462 3124 capillis

468 3151 545 3236 Ros
556 3153 656 3228 cadit
666 3183 674 3228 :
684 3153 860 3252 etciuus,
875 3153 993 3252 quam
1005 3179 1111 3228 nunc
1124 3153 1194 3228 tibi
1206 3152 1302 3228 facta
1313 3175 1483 3258 renarro,

467 3285 517 3372 In
528 3289 677 3363 laticem
691 3300 819 3363 mutor
835 3315 844 3364 ε
860 3287 924 3363 sod
938 3289 1042 3365 enim
1056 3286 1241 3387 cognoscit
1254 3300 1392 3364 amatas

470 3415 606 3494 Amnis
616 3441 748 3514 aquas,
763 3415 960 3516 positoque
972 3417 1073 3516 viri,
1088 3417 1190 3515 quod
1207 3429 1410 3515 sumserat,
1426 3440 1503 3511 ore,

468 3543 640 3628 Vertitur
652 3546 695 3620 in
707 3546 894 3644 proprias,
907 3561 953 3623 ut
964 3573 1004 3626 se
1015 3547 1115 3622 mihi
1127 3547 1297 3644 misceat,
1312 3546 1446 3623 undas.

468 3671 575 3754 Delia
587 3672 733 3771 rumpit
743 3672 930 3754 humum:
945 3680 1052 3754 occis
1064 3703 1129 3777 ego
1141 3702 1263 3752 mersa
1276 3675 1446 3754 cavernis

469 3804 649 3884 Advehor
661 3804 855 3904 Ortygiam
872 3835 880 3881 ε
895 3835 982 3906 quae
996 3835 1076 3907 me,
1089 3809 1310 3906 cognomine
1322 3806 1433 3881 Divae
1462 3875 1467 3886 .

468 3933 581 4009 Grau
592 3955 685 4008 meoe
699 3955 853 4030 superas
865 3933 1002 4014 eduxit
1015 3937 1358 4036 primesubauras.
