3178 5312
438 505 507 577 150
549 519 635 576 nas
666 489 1104 572 ndrsuonruosas
1133 507 1363 589 novius,

432 665 504 740 Hic
516 691 668 764 quoque
681 659 905 759 Cephenum
916 669 1002 755 pust
1016 683 1140 754 regem
1153 658 1303 754 primus
1315 657 1448 734 Odites

432 793 531 866 Ense
545 794 640 888 jacet
654 787 829 886 Clymeni
846 815 854 860 :
871 777 1076 860 Pmtenoia
1091 787 1255 883 perculit
1267 789 1462 887 Hypsous,

432 922 581 1020 Hypsea
594 917 791 1018 Lyncides.
807 917 896 990 Fuit
908 928 946 990 et
959 915 1182 1012 grandaevus
1198 917 1330 992 inillis
1344 925 1354 956 ²

328 1087 335 1102 ·
432 1048 657 1145 Emathion,
675 1047 776 1144 aequi
790 1046 930 1140 cultor,
947 1041 1181 1141 timidusque
1194 1047 1363 1120 Deorum
1381 1075 1390 1121 τ

433 1181 557 1268 Quem
573 1177 755 1276 quoniam
773 1173 979 1272 prohibent
990 1170 1083 1244 anni
1097 1173 1255 1270 bellate,
1273 1172 1463 1270 loquendo

430 1307 598 1404 Pugnat3
615 1313 652 1376 et
668 1299 838 1396 incessit,
855 1299 1105 1395 scelerataque
1118 1297 1282 1376 devovet
1296 1327 1413 1376 arma

429 1436 530 1510 Huic
543 1432 738 1527 Chromis,
753 1429 928 1526 amplexo
941 1427 1116 1502 tremulis
1128 1430 1258 1506 altaria
1271 1432 1425 1529 palmis,

384 1647 390 1656 ,
428 1564 597 1642 Demetit
613 1587 701 1637 ense
714 1572 845 1658 osput3
865 1558 969 1656 quod
987 1559 1164 1664 protinus
1176 1561 1313 1636 incidit
1326 1589 1427 1638 aim:

426 1695 552 1792 Atque
568 1693 625 1768 ibi
641 1689 856 1768 semianimi
870 1688 986 1786 rerba
1003 1690 1234 1765 exsecrantia
1246 1691 1402 1788 hogtal¹

301 1883 305 1890 -
429 1826 576 1923 Edidit,
593 1835 630 1901 et
641 1822 786 1898 medios
799 1820 968 1894 animam
980 1821 1170 1918 expiravit
1182 1821 1225 1896 in
1238 1822 1354 1918 ignes.

477 1956 578 2030 Hinc
588 1952 730 2052 gemini
739 1951 891 2045 fratres,
905 1947 1134 2048 Broteasque
1147 1961 1185 2025 et
1196 1953 1371 2030 cestibus
1382 1954 1537 2029 Ammon

426 2087 583 2182 luvies,
600 2084 707 2159 vinci
724 2083 756 2156 si
768 2093 921 2180 possent
934 2079 1108 2156 oaestibus
1125 2081 1280 2178 enses,³

424 2213 571 2292 Phinet
586 2211 753 2287 oeoiddre
765 2233 884 2284 manu
902 2235 910 2282 :
926 2206 1147 2304 Cererisque
1163 2207 1335 2286 sacerdos

424 2347 638 2444 Ampycus,
657 2342 801 2417 albenti
817 2339 963 2414 velatus
978 2349 1149 2436 tempora
1161 2341 1270 2418 vittat.

425 2476 488 2550 Tu
502 2499 656 2573 quoque
664 2531 675 2569 ,
693 2469 873 2568 lapetide,
892 2495 973 2544 non
987 2468 1057 2544 hos
1072 2469 1313 2550 adhibendus
1325 2473 1370 2550 iu
1385 2499 1493 2572 usus;
1509 2451 1512 2458 Ι

426 2604 498 2680 Sed
514 2605 600 2702 qui,
616 2603 718 2701 pacis
733 2625 830 2698 opus
843 2600 877 2698 ⁴,
896 2599 1081 2676 citharmt
1097 2627 1186 2678 eum
1200 2628 1291 2680 voce
1303 2631 1493 2704 moveres5

425 2735 447 2808 J
449 2759 559 2808 ussus
574 2755 653 2806 eras
666 2729 852 2805 celebrare
864 2726 996 2824 dapes,
1014 2725 1232 2826 festumque
1247 2732 1430 2810 canendo.

426 2861 499 2934 Cui
515 2857 648 2956 procul
664 2855 817 2948 astanti,
832 2855 1096 2951 plectrumque
1112 2854 1264 2930 imbelle
1276 2861 1441 2958 tenenti,

425 2985 609 3081 Pettalus,
627 2984 666 3082 l,
683 2981 833 3077 ridens,
848 2979 987 3078 Stygiis
1001 2994 1258 3082 cencessum,
1275 2983 1397 3084 dixit,

469 3219 481 3249 ⁸
506 3217 548 3274 Ce
565 3213 720 3283 vieillard,
743 3212 797 3292 qui
817 3224 887 3290 trop
906 3211 961 3290 tgt
983 3229 1064 3290 pour
1076 3211 1270 3285 cosnbattre,
1289 3217 1406 3274 mandit
1425 3217 1467 3276 les

427 3333 522 3375 armes
533 3313 585 3371 (les
595 3313 733 3380 rebelles,
744 3315 880 3386 presente
890 3329 950 3367 une
961 3307 1057 3387 figure
1067 3311 1241 3380 ventrsble,
1254 3311 1309 3388 qui
1319 3325 1384 3370 sort
1395 3325 1424 3371 et
1437 3333 1467 3373 ss

426 3409 549 3468 dttsche
560 3407 635 3465 daos
647 3409 676 3464 le
688 3407 806 3464 tableau
819 3405 858 3465 do
871 3417 946 3465 cette
960 3405 1046 3466 setas
1057 3408 1240 3468 turbulente.

470 3513 485 3543 ¹
505 3511 620 3567 Accidit
636 3521 669 3565 ue
681 3509 777 3584 capite
794 3508 885 3566 motio
901 3508 1045 3566 interdum
1061 3510 1162 3588 lingua
1176 3513 1312 3590 loquum
1325 3524 1357 3570 et
1372 3513 1467 3570 who

429 3610 603 3674 smiuatvet
611 3607 771 3664 Incondt'ta.

470 3699 484 3738 ³
505 3705 633 3762 Leceste
642 3722 684 3760 ou
694 3702 905 3781 gnateletdont
913 3703 1094 3762 lesAthlttos
1103 3703 1247 3763 armaient
1256 3707 1336 3764 leurs
1346 3705 1464 3785 pclngs.

468 3799 482 3848 ⁴
501 3801 681 3878 Apposition
701 3801 841 3878 poetique
860 3811 890 3859 et
908 3801 1088 3873 touchanto,
1108 3803 1162 3883 qui
1180 3803 1320 3866 intimae
1338 3823 1420 3881 pour
1436 3803 1466 3864 le

429 3921 519 3978 genre
532 3902 584 3962 des
596 3903 690 3962 tatem
702 3901 746 3962 du
758 3901 952 3964 mithensem
965 3902 1086 3980 Iampb.
