3210 5324
423 501 495 576 504
544 510 628 568 aas
655 479 1087 564 udrauonpuosns
1118 508 1339 590 movina,

418 667 723 758 Pulvereumque
740 655 863 728 solum
878 651 972 750 pcdc
986 653 1183 750 psdsuvdrc
1196 657 1361 756 bisidco,

417 796 685 892 Fumificisqua
701 793 827 866 locum
842 789 1048 887 mugitibus
1064 789 1269 888 implevdrc
1285 801 1309 868 ¹.

467 926 663 1024 Dirigudrc
676 935 781 999 metu
794 920 934 1018 Minyas
951 948 959 994 ε
975 920 1078 994 subit
1091 921 1174 1020 illc,
1193 949 1263 998 noc
1278 924 1382 1021 ignes

353 1029 356 1038 ⁴
418 1057 541 1134 Sentit
552 1051 742 1130 anhelatos
757 1053 925 1126 :tantum
939 1050 1188 1126 medicamina
1200 1065 1358 1150 possunt
1370 1056 1404 1128 ⁸!

417 1183 662 1278 Pendulaquc
675 1179 807 1254 audaci
821 1178 961 1252 mulcet
975 1179 1135 1276 palearia
1147 1181 1299 1278 dextrd3

417 1313 713 1412 suppositosque
728 1311 814 1406 jugo
828 1308 978 1406 pondus
989 1335 1100 1408 gnava
1114 1313 1210 1410 cogit
1224 1315 1340 1387 matii

416 1449 588 1539 Ducere,
603 1455 641 1516 ct
655 1441 850 1516 insuetum
866 1441 967 1516 fanu
979 1443 1217 1540 proscindere
1233 1467 1423 1543 campum.

416 1571 752 1668 minanturcolohi
767 1599 774 1644 :
790 1571 931 1668 Minyas
943 1571 1168 1646 clamoribus
1185 1574 1368 1672 implent,

415 1700 688 1798 'Adjiciuntque
702 1699 859 1774 animos.
879 1699 990 1774 Galesi
1004 1714 1089 1778 tum
1101 1705 1219 1777 sumit
1230 1703 1323 1778 a'c‘nd

417 1831 597 1931 Vipereos
610 1830 738 1904 dentes
751 1841 788 1904 ct
804 1843 924 1905 aratos
937 1833 1075 1930 spargit
1089 1833 1133 1906 in
1145 1859 1261 1932 agros.

416 1962 569 2038 Semina
582 1959 704 2036 mollit
714 1958 878 2055 humus,
894 1958 1020 2034 valido
1032 1961 1228 2058 praetincta
1239 1986 1387 2037 veneno
1401 1959 1415 1998 ³
1423 1990 1435 2057 3

417 2091 467 2164 Et
478 2102 672 2185 crescunt,
686 2087 862 2186 fiuntque
874 2087 942 2161 sati
956 2114 1057 2163 nova
1072 2117 1227 2190 corpora
1239 2092 1381 2166 dentes.

417 2218 546 2319 thue
557 2218 725 2294 hominis
739 2219 900 2316 speciem
913 2221 1081 2294 materni
1094 2223 1212 2296 sumit
1225 2223 1268 2296 in
1280 2223 1366 2298 alvo
1378 2219 1414 2318 ⁴,

417 2353 564 2451 anue
576 2350 779 2425 succintus
793 2374 972 2424 numeros
985 2351 1225 2448 componitur
1238 2349 1381 2445 infans,

416 2475 493 2556 Noc
508 2479 582 2554 nisi
593 2490 765 2553 maturus
779 2502 999 2550 communes
1015 2477 1095 2550 exit
1106 2478 1150 2550 in
1165 2502 1292 2573 auras3

415 2607 477 2682 Sic
489 2608 559 2684 ubi
571 2609 779 2684 visceribus
795 2605 958 2704 gravida
973 2608 1119 2682 telluris
1132 2612 1253 2706 imago

414 2738 553 2816 Effecta
564 2750 619 2812 cst
633 2736 819 2832 hominis,
837 2731 955 2809 foet0⁵
972 2739 1163 2833 consaugit
1176 2737 1219 2810 in
1232 2760 1343 2810 arvo:

414 2867 602 2966 Quodque
613 2868 728 2964 magis
741 2866 905 2964 mirum,
920 2867 1035 2941 simul
1047 2867 1147 2942 adita
1157 2867 1325 2942 concutit
1336 2893 1453 2944 arma.

339 2983 342 2994 ’
464 2998 569 3086 Quos
578 2998 647 3072 ubi
659 2996 842 3072 viderunt
854 3007 1050 3094 praeacutae
1063 2995 1228 3094 cuspidis
1243 2995 1365 3070 hastas

412 3125 461 3200 In
477 3135 590 3222 caput
600 3121 791 3196 Hoemonii
806 3121 957 3217 juvenis
974 3134 1149 3221 torquere
1165 3137 1329 3222 putatos,

459 3309 468 3340 ¹
492 3305 626 3381 Spondeo
643 3305 675 3360 in
693 3300 794 3378 quinat!
810 3301 946 3358 cornuum
963 3302 1033 3358 sede
1050 3319 1118 3358 usus
1132 3313 1175 3357 est
1182 3307 1294 3377 potua,
1311 3315 1344 3358 ut
1357 3301 1445 3360 boum

415 3403 537 3480 mugitus
548 3401 765 3477 apamenum.

422 3549 424 3554 .
454 3505 470 3536 ²
489 3501 674 3560 Pareamus
686 3500 925 3559 acclamationem
936 3473 1082 3558 inhiabas
1091 3503 1221 3559 medicas
1232 3502 1390 3560 continens.

455 3595 469 3636 ³
489 3602 603 3675 [affecta
605 3600 722 3677 potenti
727 3617 852 3670 ueneno,
861 3612 894 3656 ut
899 3619 938 3657 ex
946 3602 1047 3675 quibus
1055 3599 1185 3659 honunes
1194 3603 1303 3657 armaa’
1308 3603 1368 3656 siut
1373 3601 1444 3659 nau'.

453 3693 469 3746 4
487 3702 555 3757 Hac
562 3699 748 3757 similitudine
756 3699 922 3756 declaratur
934 3719 991 3775 quo
1001 3701 1090 3758 modo
1099 3701 1199 3758 dentes
1209 3701 1444 3778 seipattu'sstgu-

412 3816 478 3856 ram
492 3799 687 3856 contraxerim
697 3795 868 3854 humanam.

453 3893 468 3936 ⁵
485 3901 525 3962 lu
538 3898 760 3976 agaosoecuado
773 3899 825 3980 qui
835 3899 999 3978 totpepuit
1008 3911 1144 3960 armatos.
