3170 5304
461 573 530 648 182
578 589 664 646 nus
693 561 1131 644 utinnouruosns
1159 585 1386 664 mortua,

479 801 594 876 XIX.
621 799 776 878 Arcadi
791 801 972 897 mgister
990 797 1246 896 Triptolemus.
1266 801 1418 899 &neus
1433 801 1471 872 in

766 931 935 1030 &ocem
960 933 1192 1004 convenior.

507 1149 606 1226 Hac
622 1151 809 1226 Arethusa
821 1165 945 1226 tenus.
965 1151 1145 1227 Geminos
1157 1155 1236 1230 Dea
1248 1155 1382 1230 fertilis
1394 1178 1516 1250 angues

459 1280 644 1355 Curribus
657 1279 842 1379 admovit,
861 1281 1065 1382 iraenisque
1078 1287 1243 1360 oo'ercuit
1256 1313 1342 1383 ora3

459 1409 507 1483 Et
522 1410 692 1486 medium
704 1411 791 1488 ooeli
805 1424 992 1512 terrasque
1003 1439 1072 1512 per
1083 1421 1168 1491 aira
1179 1429 1286 1493 vecta
1300 1429 1376 1514 est3

459 1541 585 1638 Atque
597 1542 720 1618 levem
733 1569 890 1617 currum
903 1543 1102 1618 Tritonida
1114 1545 1219 1620 misit
1229 1547 1274 1620 in
1286 1571 1411 1621 arcem

460 1671 710 1773 Tnptolem03
727 1675 944 1774 partimque
958 1674 1048 1750 rudi
1061 1677 1146 1750 data
1162 1677 1307 1752 semina
1318 1676 1425 1774 jussit

460 1799 636 1902 Spargere
648 1803 789 1902 humo,
807 1805 946 1902 partim
959 1816 1045 1902 post
1057 1819 1226 1904 tempora
1238 1807 1350 1905 longa
1361 1805 1508 1880 rectdtae.

459 1932 544 2009 ium
555 1959 669 2034 super
685 1933 864 2033 Europen
881 1933 1054 2011 sublimis
1069 1950 1106 2011 et
1118 1938 1232 2012 Asida
1243 1951 1362 2013 terras

460 2061 600 2137 Vectus
614 2074 692 2137 erat
705 2061 857 2159 juvenis
869 2094 880 2158 3
902 2063 1093 2160 Scythicas
1108 2065 1322 2139 advertitur
1334 2087 1425 2137 oras.

460 2193 544 2269 Rex
555 2195 610 2268 ibi
622 2195 775 2292 Lyncus
788 2207 867 2269 erat
884 2223 893 2269 :
911 2194 1007 2293 regis
1020 2195 1123 2270 subit
1134 2197 1199 2270 ille
1215 2209 1380 2293 penates.

459 2323 545 2412 Qut
556 2325 700 2422 veniat,
718 2317 944 2420 causamque
957 2325 1047 2422 viae,
1062 2351 1279 2423 nomenque
1296 2336 1456 2424 rogatus,

458 2453 507 2528 Et
519 2453 691 2551 patriam.
706 2453 832 2526 Patria
843 2465 899 2526 est
912 2451 1153 2551 olaraemihi,
1172 2455 1291 2553 dixit,
1312 2454 1479 2538 Athenae3

458 2581 713 2678 Triptolemus
727 2603 882 2654 nomen.
897 2579 997 2654 Veni
1011 2608 1081 2656 nec
1094 2609 1223 2681 puppe
1239 2611 1307 2682 per
1321 2581 1435 2657 undas
1451 2587 1477 2672 ¹,
1572 2660 1573 2688 ἦ

460 2717 535 2791 Nec
548 2711 641 2812 pede
655 2735 724 2810 per
737 2722 854 2784 terras
872 2739 880 2784 :
895 2710 1019 2810 patuit
1033 2709 1131 2785 mihi
1143 2713 1299 2810 pervius
1312 2709 1438 2787 aether.
1572 2693 1573 2726 ¹

459 2845 569 2920 Dona
582 2840 662 2916 sero
675 2840 840 2936 Cereris,
856 2839 950 2913 latos
967 2864 1053 2936 quae
1066 2865 1193 2937 sparsa
1205 2866 1273 2938 per
1287 2865 1391 2940 agros

458 2969 666 3070 Frugiferae
678 2993 835 3064 messes,
853 2967 1106 3064 alimentaque
1119 2969 1246 3068 mitia,
1265 2968 1433 3046 reddant.

459 3107 644 3182 Barbarus
657 3099 800 3174 invidit
816 3097 1009 3198 :tantique
1022 3111 1068 3172 ut
1075 3099 1246 3174 muneris
1258 3112 1389 3175 auctor

458 3237 542 3335 lpse
556 3234 622 3332 sit,
639 3230 805 3329 hospitio
820 3229 956 3328 recipit
972 3257 981 3304 ε
999 3255 1210 3330 somnoque
1219 3245 1414 3332 grnvatum

459 3365 679 3465 Aggreditur
693 3361 805 3436 ferro.
826 3363 1031 3436 Conantem
1047 3363 1157 3461 ligere
1168 3377 1300 3462 peonis

458 3497 585 3594 Lynca
601 3493 710 3566 Ceres
727 3490 813 3565 seoit
834 3521 841 3565 :
857 3517 1066 3591 rursusque
1080 3519 1149 3590 per
1160 3501 1245 3569 adra
1258 3496 1363 3569 misit

456 3625 697 3724 Mopsopium
712 3625 891 3719 juvenem
902 3651 1022 3700 sacros
1036 3605 1171 3724 aqitare
1183 3628 1332 3726 jugales.

502 3811 511 3841 ¹
536 3809 600 3865 Nec
605 3825 711 3885 puppe
718 3847 728 3876 ‚
743 3825 797 3864 nec
803 3809 894 3883 pede.
911 3809 993 3867 Dans
1007 3809 1033 3866 le
1049 3811 1124 3894 style
1138 3811 1226 3869 noble
1239 3821 1325 3867 notre
1338 3809 1481 3884 languere

457 3905 554 3966 reluse
566 3905 582 3960 i
596 3915 670 3962 cette
680 3903 809 3960 brievete
820 3905 1036 3982 d'expretsiou,
1048 3909 1100 3985 qui
1114 3926 1130 3966 a
1141 3909 1297 3985 beaucoup
1309 3905 1479 3986 d'agrtuent

457 4004 531 4062 dans
544 4002 571 4058 le
583 4019 673 4080 genre
685 4002 861 4078 marotique.
1348 4017 1351 4024 ·
