3178 5312
422 559 491 634 136
535 581 618 640 nas
646 557 1082 638 ntrsnouruosns
1113 579 1345 659 novius,

419 709 593 826 Tutaque
606 742 707 828 terga
718 753 866 826 gerens,
885 727 1115 826 mlversaque
1132 729 1175 801 in
1193 729 1343 826 agmina
1352 751 1507 817 versus,
1576 703 1577 712 ἵ

419 857 587 931 Sustinet
603 861 795 932 instantes.
815 858 1009 931 Instabant
1021 870 1126 956 parte
1138 859 1291 934 sinistri

419 987 612 1064 Chaonius
624 989 816 1084 Molpeus‚
835 986 969 1061 dextri
980 989 1205 1064 Nabathaeus
1225 990 1427 1066 Ethemon.

420 1117 542 1215 Tigris
556 1129 621 1215 ut,
643 1117 781 1192 austes
798 1116 1057 1192 diversavaue
1073 1118 1259 1214 duorum,
1303 1095 1307 1105 ‘

419 1247 669 1324 Exstimulata
680 1247 797 1344 same,
820 1249 1027 1347 mugitibus
1043 1263 1323 1345 armentorum,

420 1375 547 1451 Nescit
560 1389 646 1450 utro
658 1377 784 1474 potius
798 1389 904 1472 ruat3
924 1389 960 1450 et
975 1404 1086 1452 ruere
1103 1378 1208 1452 ardet
1223 1391 1388 1476 utroque
1403 1407 1415 1472 3

421 1500 484 1576 Sic
497 1500 637 1576 dubius
647 1503 820 1596 Perseus,
839 1486 972 1578 dextra
986 1503 1130 1576 laevino
1144 1503 1305 1602 feratur,

421 1629 568 1726 Molpea
580 1627 724 1724 trajecti
740 1627 935 1700 submovit
944 1627 1109 1702 vulnere
1121 1630 1260 1726 cruris3

422 1757 1527 1860 Contentusquefirgiest:nequeenimdattempusEthemon,

422 1889 494 1964 Sed
507 1888 603 1964 furit
619 1917 627 1962 ε
646 1901 701 1984 et,
720 1888 877 1985 cupiens
893 1887 968 1962 alto
984 1887 1073 1962 dare
1086 1887 1246 1962 vulnera
1259 1888 1374 1985 collo,

419 2020 506 2096 Non
519 2019 797 2117 circumspectis
814 2030 988 2092 exactum
1001 2019 1150 2092 viribus
1166 2044 1293 2094 ensem

420 2151 543 2249 Fregit
559 2179 567 2224 ε
583 2162 637 2248 et,
654 2149 823 2240 extremi
837 2175 1022 2246 percussae
1038 2163 1144 2248 parte
1158 2149 1364 2247 columnae,

409 2281 577 2364 ‚Lamina
591 2279 756 2355 dissiluit
764 2310 775 2374 3
794 2277 1018 2375 dominique
1029 2278 1073 2354 in
1086 2289 1238 2376 gutture
1253 2278 1330 2354 fixa
1347 2289 1415 2362 est.

420 2411 507 2487 Non
519 2423 645 2484 tamen
658 2409 704 2482 ad
718 2409 837 2483 letum
851 2434 978 2484 causas
994 2410 1083 2484 satis
1100 2409 1165 2484 illa
1175 2409 1343 2486 valentes

419 2541 528 2640 Plaga
540 2541 644 2616 dedit
660 2541 872 2640 :trepidum
885 2541 1061 2638 Perseus,
1078 2555 1114 2618 et
1127 2541 1291 2616 inermia*
1302 2541 1443 2618 frustra

420 2673 580 2750 Brachia
595 2673 812 2750 tendentem
825 2673 1020 2772 Cyllenide
1036 2675 1203 2752 confodit
1215 2677 1332 2775 harpe
1353 2683 1377 2752 ¹.

420 2883 500 2967 III.
527 2889 718 2962 Phineum
741 2900 777 2960 et
800 2913 944 2964 omnem
968 2886 1129 2961 hostium
1149 2889 1356 2962 turbemin
1382 2899 1460 2961 sta-
1576 2919 1577 2924 ¹

605 3035 691 3096 tuas
706 3023 878 3122 lapideas
892 3025 1068 3096 convertit
1080 3023 1254 3094 Perseus.

465 3223 636 3306 Vultum
653 3232 720 3306 ubi
736 3233 919 3306 virtutem
932 3233 1054 3307 turbae
1071 3232 1314 3308 succumbere
1327 3229 1443 3325 vidit,

416 3360 638 3458 Auxilium,
658 3343 833 3460 Perseus,
851 3365 1033 3460 quoniam
1051 3365 1104 3437 sic
1118 3363 1246 3460 cogitis
1262 3361 1360 3458 ipsi,

379 3529 383 3540 2
414 3484 544 3588 Dixit,
561 3491 607 3563 ab
623 3491 731 3564 hoste
747 3506 870 3589 petam
888 3523 896 3568 :
915 3495 1047 3568 vultus
1060 3493 1217 3567 avertite
1230 3503 1396 3588 vestros,

409 3619 453 3698 si
467 3622 554 3720 quis
570 3621 712 3695 amicus
730 3621 834 3697 adest
851 3652 863 3697 ι
879 3636 915 3697 et
932 3624 1115 3722 Gorgonis
1131 3621 1268 3701 extulit
1283 3647 1360 3695 om.

456 3806 466 3835 ¹
491 3801 595 3861 Glaive
607 3803 767 3874 recumbe,
779 3822 849 3861 avec
859 3805 956 3881 lequel
966 3809 1101 3864 Mercure
1114 3806 1235 3862 tranche
1245 3805 1273 3862 la
1285 3803 1345 3860 tlte
1356 3801 1445 3858 d’tr-

412 3921 485 3984 gua,
498 3913 526 3961 et
539 3921 598 3982 que
611 3923 644 3963 ce
655 3903 725 3964 dieu
737 3905 816 3962 avait
828 3904 912 3982 prete
922 3907 939 3966 i
951 3909 1053 3967 Pente
1063 3925 1143 3988 pour
1153 3906 1316 3965 combattre
1327 3905 1355 3960 la
1367 3905 1447 3964 Gor·
1576 3939 1577 3956 2

411 4021 499 4082 gone.
