3178 5312
430 613 500 688 154
543 627 628 681 cus
657 599 1093 681 udinuonauosas
1126 625 1354 702 n’ovma,

427 779 581 852 Cervice
596 787 723 850 exacta
736 785 807 871 est,
824 773 866 846 in
882 782 1080 871 partesque
1093 772 1235 846 eminet
1249 771 1388 847 ambas.

427 910 607 1004 Dumque
615 905 944 982 manumFortuna
949 905 1073 1000 juvat,
1083 901 1328 1002 Clytiumque
1334 963 1344 1003 ,
1356 905 1570 1000 Clamnque,

427 1039 547 1113 Matre
561 1049 655 1110 satos
670 1034 767 1133 und,
783 1032 936 1108 diverso
949 1033 1110 1108 vulnere
1122 1034 1236 1110 fudit.

426 1167 522 1242 Nam
535 1165 649 1264 Clytii
667 1189 734 1262 per
746 1173 977 1259 utrumque,
996 1162 1101 1258 gravi
1117 1161 1252 1238 librata
1267 1163 1427 1258 lacerto,

427 1295 615 1370 Fraxinus
628 1305 708 1366 acta
723 1291 850 1366 femur
867 1321 874 1366 :
892 1291 1059 1387 jaculum
1074 1291 1199 1365 Clams
1215 1319 1279 1366 ore
1295 1293 1512 1367 momonlit.

427 1421 577 1500 Occidit
593 1435 631 1496 et
644 1421 806 1496 Celadon
819 1419 1036 1495 Mendesius
1055 1449 1063 1494 ε
1083 1423 1219 1498 occidit
1233 1425 1409 1521 Astreus,

429 1555 549 1629 Matre
564 1553 780 1649 Palaestini,
796 1551 916 1626 dubio
929 1552 1097 1651 genitore
1114 1567 1271 1628 creatus.

430 1683 664 1780 AEthionque
681 1707 790 1778 sagax
803 1679 996 1778 quondam
1013 1691 1176 1756 ventura
1188 1681 1319 1755 videre
1335 1687 1343 1718 ¹
1357 1711 1367 1778 3

429 1814 541 1888 Nunc
553 1840 622 1887 ave
639 1813 817 1911 deceptus
831 1811 921 1886 falsi
940 1842 947 1886 :
965 1815 1137 1912 regisque
1152 1813 1336 1888 Thoactes

430 1941 620 2040 Anniger,
637 1952 674 2015 et
690 1967 784 2015 caeso
801 1941 969 2038 genitore
986 1941 1138 2015 infamis
1152 1942 1320 2040 Agyrtea

481 2074 571 2148 Plus
578 2086 703 2149 tamen
712 2073 916 2148 exhausto·
927 2087 1283 2174 superestznamque
1291 2076 1469 2150 omnibus
1478 2097 1578 2148 uuum

433 2204 659 2300 Opprimere
675 2215 729 2276 est
743 2205 906 2277 animus.
924 2203 1125 2300 Conjurata
1139 2205 1311 2304 undique
1323 2217 1490 2303 pugnant

431 2334 592 2432 Agmina
605 2361 674 2431 pro
688 2333 817 2430 causei,
834 2335 1017 2409 meritum
1033 2336 1278 2434 impugnante
1290 2327 1490 2432 fidemque.

316 2490 319 2503 ·
434 2465 513 2540 Hac
530 2491 600 2562 pro
616 2477 721 2562 parte
734 2493 838 2540 socer
851 2465 992 2540 frustra
1008 2467 1112 2565 pius,
1130 2480 1166 2542 et
1183 2495 1283 2544 nova
1295 2470 1439 2564 conjux

433 2597 531 2671 Cum
544 2595 744 2694 genitrice,
763 2595 910 2692 savent3
934 2597 1158 2696 ululatuque
1174 2599 1269 2672 atria
1284 2599 1483 2696 complent.

434 2725 506 2802 Sed
520 2751 635 2799 sonus
648 2751 844 2800 armorum
860 2737 1029 2821 superat,
1044 2727 1279 2823 gemitusque
1292 2725 1507 2818 cadentdm3

434 2860 676 2957 Pollutosque
694 2859 809 2934 simul
826 2858 949 2932 multo
965 2857 1120 2932 Bellona
1135 2860 1290 2934 Penates

436 2991 624 3088 Sanguine
638 2989 853 3087 perfundit,
874 2999 1128 3087 renovataque
1141 2989 1274 3088 pmelia
1288 2987 1431 3061 miscet.

438 3119 645 3194 Circueunt
662 3143 787 3191 unum
799 3117 991 3215 Phineus,
1011 3129 1047 3190 et
1058 3119 1163 3191 mille
1179 3115 1296 3190 secuti
1310 3114 1323 3154 ³

436 3249 606 3323 Phinea:
625 3250 698 3324 tela
713 3247 864 3344 volant,
884 3247 1045 3322 hiberna
1060 3247 1241 3346 grandine
1253 3245 1383 3342 plura,

436 3377 577 3452 Praeter
589 3371 928 3472 utriimquelatuS,
943 3389 1154 3473 praeterque
1168 3388 1204 3450 et
1218 3376 1351 3449 lumen
1364 3387 1402 3446 et
1417 3397 1526 3446 aures.

439 3507 611 3607 Applicat
626 3506 719 3579 hinc
731 3506 915 3580 humeros
931 3507 977 3580 ad
993 3531 1135 3606 magnae
1149 3533 1238 3580 saxa
1253 3505 1461 3594 columna,

484 3741 494 3772 ¹
518 3738 620 3814 Sagae
631 3736 750 3804 videre,
765 3750 807 3794 est
816 3757 915 3813 graeca
928 3739 1043 3796 locutae.

482 3854 496 3882 ⁸
518 3851 589 3906 Plus
602 3869 636 3905 eo
649 3850 849 3924 quodfactum
863 3863 922 3918 est,
937 3863 1067 3925 superest
1076 3849 1299 3926 cotficc'eudum.

481 3959 495 3999 ³
517 3963 716 4020 chmaoec'ma
723 3963 923 4020 Perseivirtus
933 3964 1110 4034 declaratur,
1123 3965 1272 4040 quitantoe
1280 3961 1469 4026 multitudini,

438 4076 534 4140 totque
548 4065 611 4120 tele's
622 4066 700 4160 selus
706 4063 838 4138 potuerat
846 4064 984 4120 resistere.
