3210 5324
451 539 519 614 252
564 560 650 614 uss
679 529 1117 614 uernuonruosns
1147 549 1380 627 n’ovrnn,

446 704 597 801 Spectat
609 733 691 780 eam
703 704 866 798 ToreuS,
886 709 1247 799 praeconlrectetque
1262 699 1448 792 videndo;

448 833 680 932 Osculaque,
697 847 733 908 et
748 835 842 907 collo
859 830 1090 905 circumdata
1101 829 1257 904 brachia
1270 855 1449 922 cernens,

448 967 589 1041 Omnia
602 995 671 1066 pro
688 965 871 1061 stimulis,
890 963 1130 1059 facibusque,
1149 961 1310 1057 ciboque
1320 959 1476 1052 furoris,

446 1089 594 1188 Accipit
609 1119 617 1164 :
633 1103 670 1164 et
681 1091 828 1189 quoties
841 1087 1082 1186 amplectitur
1094 1086 1159 1159 ille
1171 1098 1386 1183 parentem,

446 1218 534 1292 Esse
547 1243 683 1316 parens
700 1217 814 1292 vellet
830 1213 1096 1312 :nequeenim
1109 1215 1239 1289 minus
1252 1215 1397 1314 impius
1410 1225 1509 1288 esset.
1586 1240 1587 1314 ἣ

446 1347 627 1421 Vincitur
639 1349 837 1421 ambarum
852 1344 998 1442 genitor
1011 1372 1133 1443 preoe.
1153 1345 1318 1447 Gaudet,
1333 1350 1480 1448 agitque

445 1481 516 1554 Illa
530 1483 630 1579 patri
643 1494 761 1578 grates
779 1510 788 1554 ε
804 1491 841 1554 et
855 1481 1071 1554 successisse
1086 1475 1234 1555 duabus

446 1605 490 1679 Id
505 1619 631 1703 putat,
653 1607 667 1704 (
676 1606 831 1681 infelix!
847 1604 861 1703 )
879 1605 983 1702 quod
997 1603 1070 1680 erit
1082 1607 1243 1703 lugubre
1254 1607 1418 1685 duabus.

494 1737 579 1844 dem
596 1735 701 1810 labor
718 1734 878 1832 exiguus
892 1735 1036 1808 Phoebo
1050 1735 1211 1808 restabat
1229 1764 1237 1808 ε
1254 1738 1420 1834 equique

446 1865 652 1941 Pulssbent
665 1867 825 1965 pedibus
842 1866 1006 1964 spatium
1020 1867 1178 1940 declivis
1189 1855 1358 1966 Olympi.

447 1993 596 2091 [legales
614 1995 735 2092 epulae
751 1994 911 2088 mensis,
931 2005 968 2066 et
982 1993 1149 2068 Bacchus
1162 1995 1206 2070 in
1218 2021 1312 2070 auro

425 2125 426 2128 ’
447 2124 609 2198 Ponitur
626 2122 743 2198 :hine
760 2120 906 2221 placido
923 2121 1065 2196 dantur
1079 2149 1147 2194 sue
1163 2148 1322 2220 corpore
1337 2149 1489 2200 sumno.

447 2259 499 2334 At
510 2285 580 2332 rex
592 2256 798 2355 Odrysius,
817 2255 994 2353 quamvis
1007 2254 1173 2350 secessit,
1192 2253 1233 2326 in
1248 2255 1313 2328 illd

448 2387 598 2460 AEstuat
615 2415 623 2459 :
639 2395 675 2457 et
689 2395 862 2481 repetens
872 2381 1024 2478 faciem,
1040 2396 1260 2478 motusque,
1279 2409 1512 2484 manusque3

449 2514 586 2601 Qualia
597 2512 685 2584 vult
697 2511 827 2609 fingit,
846 2537 933 2609 quae
947 2510 1121 2584 nondum
1134 2509 1258 2584 vidit:
1274 2523 1312 2585 et
1322 2511 1427 2610 ignes

448 2643 532 2740 lpse
546 2669 632 2715 suos
646 2643 789 2738 nutrit,
806 2642 897 2716 curs
913 2655 1133 2717 removente
1147 2669 1320 2740 soporem
1338 2653 1363 2720 ².
1586 2731 1587 2744 χ

447 2773 536 2848 Lux
550 2786 630 2846 erat
646 2804 654 2848 :
670 2786 724 2871 et,
743 2775 871 2873 generi
887 2775 1061 2850 dextram
1075 2777 1296 2873 complexus
1312 2781 1458 2878 euntis,
1586 2817 1587 2828 ¹

448 2903 619 2978 Pandion
634 2906 813 2980 comitem
826 2905 1003 3004 lacrymis
1017 2905 1258 2980 commendat
1270 2908 1430 2984 ebonis:

496 3037 602 3112 Hune
615 3065 697 3136 ego,
715 3063 797 3110 care
810 3062 943 3135 gener,
959 3036 1141 3134 quoniam
1155 3036 1219 3134 pis
1234 3011 1346 3110 ceusu
1358 3040 1499 3137 coegit,

448 3168 496 3240 Et
508 3167 663 3241 voluere
676 3169 816 3264 umbe,
834 3167 992 3241 voluisti
1006 3179 1051 3241 tu
1064 3193 1239 3265 quoque,
1255 3166 1399 3266 Teren,

374 3341 378 3348 ·
447 3301 507 3374 Do
521 3299 592 3373 tibi
608 3327 751 3402 perque
767 3301 899 3397 fidem,
919 3313 1149 3400 cognataque
1165 3313 1316 3398 pectora
1332 3302 1518 3401 supplex,

448 3429 520 3502 Per
539 3429 701 3526 Superos
716 3456 802 3527 oro,
821 3430 944 3528 patrio
957 3433 1097 3506 tuearis
1110 3455 1256 3528 amore3

447 3557 496 3630 Et
508 3557 606 3631 mihi
620 3559 787 3646 sollicitae
799 3561 966 3635 lenimen
981 3560 1092 3634 dulce
1109 3572 1265 3634 seneclae

448 3683 575 3772 Quem
583 3688 772 3787 primum,
788 3693 1356 3789 omniseritnobismoralonga‚
1373 3691 1562 3767 reminas.

491 3867 501 3897 ¹
528 3853 583 3924 cis
602 3868 782 3946 symptdmes
801 3870 838 3928 de
857 3872 886 3928 la
904 3871 1024 3949 passion
1045 3873 1174 3930 violente
1190 3871 1227 3930 de
1243 3871 1335 3931 Tercle
1352 3871 1500 3950 peignent

447 3982 507 4024 oux
520 3985 599 4044 yenx
611 3970 653 4031 les
663 3989 855 4034 mouvemens
866 3972 1024 4034 interieurs
1036 3973 1073 4033 de
1088 3991 1143 4034 sou
1156 3991 1231 4032 ame.
