<?xml version="1.0" encoding="UTF-8"?>
<!DOCTYPE html PUBLIC "-//W3C//DTD XHTML 1.0 Transitional//EN"
    "http://www.w3.org/TR/xhtml1/DTD/xhtml1-transitional.dtd">
<html xmlns="http://www.w3.org/1999/xhtml" xml:lang="en" lang="en">
 <head>
  <title>
</title>
<meta http-equiv="Content-Type" content="text/html;charset=utf-8" />
  <meta name='ocr-system' content='tesseract 3.04.00' />
  <meta name='ocr-capabilities' content='ocr_page ocr_carea ocr_par ocr_line ocrx_word'/>
</head>
<body>
  <div class='ocr_page' id='page_1' title='image "./lesmtamorphoses02saingoog_0054.png"; bbox 0 0 3214 5300; ppageno 0'>
   <div class='ocr_carea' id='block_1_1' title="bbox 410 575 1438 680">
    <p class='ocr_par' dir='ltr' id='par_1_1' title="bbox 410 553 1438 680">
     <span class='ocr_line' id='line_1_1' title="bbox 410 575 1438 680; baseline -0.005 -19"><span class='ocrx_word' id='word_1_1' title='bbox 410 646 413 654; x_wconf 84' lang='grc'>.</span> <span class='ocrx_word' id='word_1_2' title='bbox 450 585 499 662; x_wconf 84' lang='grc'><strong>56</strong></span> <span class='ocrx_word' id='word_1_3' title='bbox 564 603 650 659; x_wconf 76' lang='lat' dir='ltr'><strong>uss</strong></span> <span class='ocrx_word' id='word_1_4' title='bbox 679 575 1119 658; x_wconf 76' lang='lat' dir='ltr'><strong>udrsuouruosns</strong></span> <span class='ocrx_word' id='word_1_5' title='bbox 1148 586 1381 680; x_wconf 74' lang='lat' dir='ltr'><strong>n’ovmu,</strong></span> <span class='ocrx_word' id='word_1_6' title='bbox 1437 579 1438 584; x_wconf 67' lang='lat'>&#39;</span> 
     </span>
    </p>
   </div>
   <div class='ocr_carea' id='block_1_2' title="bbox 432 747 1518 3914">
    <p class='ocr_par' dir='ltr' id='par_1_2' title="bbox 432 747 1518 3585">
     <span class='ocr_line' id='line_1_2' title="bbox 448 747 1380 849; baseline -0.002 -23"><span class='ocrx_word' id='word_1_7' title='bbox 448 752 605 826; x_wconf 85' lang='lat' dir='ltr'><strong>Summa</strong></span> <span class='ocrx_word' id='word_1_8' title='bbox 616 749 778 849; x_wconf 86' lang='lat' dir='ltr'><strong>pedum,</strong></span> <span class='ocrx_word' id='word_1_9' title='bbox 797 747 948 846; x_wconf 82' lang='lat' dir='ltr'><strong>taloque</strong></span> <span class='ocrx_word' id='word_1_10' title='bbox 960 759 1073 822; x_wconf 83' lang='lat' dir='ltr'><strong>tenus</strong></span> <span class='ocrx_word' id='word_1_11' title='bbox 1086 749 1242 847; x_wconf 83' lang='lat' dir='ltr'><strong>vestigia</strong></span> <span class='ocrx_word' id='word_1_12' title='bbox 1254 750 1380 849; x_wconf 85' lang='lat' dir='ltr'><strong>tingit.</strong></span> 
     </span>
     <span class='ocr_line' id='line_1_3' title="bbox 446 875 1466 975; baseline -0.01 -16"><span class='ocrx_word' id='word_1_13' title='bbox 446 881 524 959; x_wconf 85' lang='lat' dir='ltr'><strong>Nec</strong></span> <span class='ocrx_word' id='word_1_14' title='bbox 535 907 642 956; x_wconf 85' lang='lat' dir='ltr'><strong>mora</strong></span> <span class='ocrx_word' id='word_1_15' title='bbox 659 907 669 956; x_wconf 91' lang='lat'>:</span> <span class='ocrx_word' id='word_1_16' title='bbox 687 877 868 975; x_wconf 82' lang='lat' dir='ltr'>temperie</span> <span class='ocrx_word' id='word_1_17' title='bbox 883 875 1109 950; x_wconf 84' lang='lat' dir='ltr'><strong>blandarum</strong></span> <span class='ocrx_word' id='word_1_18' title='bbox 1122 888 1466 975; x_wconf 80' lang='lat' dir='ltr'><strong>capursaquarum,</strong></span> 
     </span>
     <span class='ocr_line' id='line_1_4' title="bbox 445 1005 1296 1104; baseline -0.007 -17"><span class='ocrx_word' id='word_1_19' title='bbox 445 1012 575 1088; x_wconf 86' lang='lat' dir='ltr'><strong>Mollia</strong></span> <span class='ocrx_word' id='word_1_20' title='bbox 590 1010 639 1084; x_wconf 92' lang='lat' dir='ltr'><strong>de</strong></span> <span class='ocrx_word' id='word_1_21' title='bbox 655 1023 785 1084; x_wconf 85' lang='lat' dir='ltr'><strong>tenero</strong></span> <span class='ocrx_word' id='word_1_22' title='bbox 799 1005 987 1082; x_wconf 82' lang='lat' dir='ltr'><strong>velamina</strong></span> <span class='ocrx_word' id='word_1_23' title='bbox 1002 1030 1159 1104; x_wconf 87' lang='lat' dir='ltr'><strong>corpore</strong></span> <span class='ocrx_word' id='word_1_24' title='bbox 1175 1007 1296 1104; x_wconf 87' lang='lat' dir='ltr'><strong>pouit.</strong></span> 
     </span>
     <span class='ocr_line' id='line_1_5' title="bbox 446 1132 1431 1232; baseline -0.007 -19"><span class='ocrx_word' id='word_1_25' title='bbox 446 1140 548 1213; x_wconf 90' lang='lat' dir='ltr'><strong>Tum</strong></span> <span class='ocrx_word' id='word_1_26' title='bbox 561 1135 876 1228; x_wconf 65' lang='lat' dir='ltr'><strong>urbscampus,</strong></span> <span class='ocrx_word' id='word_1_27' title='bbox 896 1132 1087 1228; x_wconf 63' lang='lat' dir='ltr'><strong>nudeque</strong></span> <span class='ocrx_word' id='word_1_28' title='bbox 1101 1132 1284 1232; x_wconf 85' lang='lat' dir='ltr'><strong>cupidine</strong></span> <span class='ocrx_word' id='word_1_29' title='bbox 1298 1132 1431 1208; x_wconf 66' lang='lat' dir='ltr'><strong>formae</strong></span> 
     </span>
     <span class='ocr_line' id='line_1_6' title="bbox 444 1255 1489 1357; baseline -0.012 -14"><span class='ocrx_word' id='word_1_30' title='bbox 444 1266 621 1343; x_wconf 81' lang='lat' dir='ltr'>Salmacis</span> <span class='ocrx_word' id='word_1_31' title='bbox 631 1260 770 1337; x_wconf 78' lang='lat' dir='ltr'><strong>exarsit</strong></span> <span class='ocrx_word' id='word_1_32' title='bbox 780 1257 953 1356; x_wconf 69' lang='lat' dir='ltr'><strong>:flagrant</strong></span> <span class='ocrx_word' id='word_1_33' title='bbox 959 1270 1114 1356; x_wconf 83' lang='lat' dir='ltr'><strong>quoque</strong></span> <span class='ocrx_word' id='word_1_34' title='bbox 1121 1260 1272 1334; x_wconf 87' lang='lat' dir='ltr'><strong>lumina</strong></span> <span class='ocrx_word' id='word_1_35' title='bbox 1280 1255 1489 1357; x_wconf 82' lang='lat' dir='ltr'><strong>Nymphes3</strong></span> 
     </span>
     <span class='ocr_line' id='line_1_7' title="bbox 444 1389 1431 1490; baseline -0.009 -17"><span class='ocrx_word' id='word_1_36' title='bbox 444 1400 532 1474; x_wconf 91' lang='lat' dir='ltr'><strong>Non</strong></span> <span class='ocrx_word' id='word_1_37' title='bbox 544 1396 670 1490; x_wconf 78' lang='lat' dir='ltr'><strong>aliter,</strong></span> <span class='ocrx_word' id='word_1_38' title='bbox 686 1391 802 1489; x_wconf 76' lang='lat' dir='ltr'><strong>quim</strong></span> <span class='ocrx_word' id='word_1_39' title='bbox 814 1391 924 1486; x_wconf 76' lang='lat' dir='ltr'><strong>clim,</strong></span> <span class='ocrx_word' id='word_1_40' title='bbox 942 1409 1042 1486; x_wconf 84' lang='lat' dir='ltr'><strong>puro</strong></span> <span class='ocrx_word' id='word_1_41' title='bbox 1055 1389 1310 1464; x_wconf 85' lang='lat' dir='ltr'><strong>nitidissimus</strong></span> <span class='ocrx_word' id='word_1_42' title='bbox 1323 1391 1431 1485; x_wconf 90' lang='lat' dir='ltr'><strong>orbe,</strong></span> 
     </span>
     <span class='ocr_line' id='line_1_8' title="bbox 444 1516 1335 1624; baseline -0.012 -21"><span class='ocrx_word' id='word_1_43' title='bbox 444 1524 625 1624; x_wconf 76' lang='lat' dir='ltr'><strong>Opposital</strong></span> <span class='ocrx_word' id='word_1_44' title='bbox 632 1519 781 1620; x_wconf 82' lang='lat' dir='ltr'><strong>speculi</strong></span> <span class='ocrx_word' id='word_1_45' title='bbox 790 1516 968 1592; x_wconf 86' lang='lat' dir='ltr'><strong>referitur</strong></span> <span class='ocrx_word' id='word_1_46' title='bbox 978 1518 1140 1616; x_wconf 75' lang='lat' dir='ltr'><strong>imagine</strong></span> <span class='ocrx_word' id='word_1_47' title='bbox 1154 1517 1335 1592; x_wconf 85' lang='lat' dir='ltr'><strong>Phoebus.</strong></span> 
     </span>
     <span class='ocr_line' id='line_1_9' title="bbox 443 1643 1451 1753; baseline -0.01 -24"><span class='ocrx_word' id='word_1_48' title='bbox 443 1657 597 1753; x_wconf 83' lang='lat' dir='ltr'><strong>Vixque</strong></span> <span class='ocrx_word' id='word_1_49' title='bbox 606 1665 752 1726; x_wconf 71' lang='lat' dir='ltr'><strong>merum</strong></span> <span class='ocrx_word' id='word_1_50' title='bbox 760 1645 904 1744; x_wconf 81' lang='lat' dir='ltr'><strong>patitur</strong></span> <span class='ocrx_word' id='word_1_51' title='bbox 914 1673 923 1718; x_wconf 76' lang='grc' dir='ltr'><strong><em>ε</em></strong></span> <span class='ocrx_word' id='word_1_52' title='bbox 935 1645 1006 1719; x_wconf 81' lang='lat' dir='ltr'><strong>vix</strong></span> <span class='ocrx_word' id='word_1_53' title='bbox 1016 1643 1451 1742; x_wconf 68' lang='lat' dir='ltr'><strong>jmnaua&#39;gsudiadiffert.</strong></span> 
     </span>
     <span class='ocr_line' id='line_1_10' title="bbox 443 1772 1436 1879; baseline -0.014 -19"><span class='ocrx_word' id='word_1_54' title='bbox 443 1787 528 1860; x_wconf 86' lang='lat' dir='ltr'><strong>Jam</strong></span> <span class='ocrx_word' id='word_1_55' title='bbox 542 1780 648 1879; x_wconf 90' lang='lat' dir='ltr'><strong>cupit</strong></span> <span class='ocrx_word' id='word_1_56' title='bbox 656 1773 831 1874; x_wconf 81' lang='lat' dir='ltr'><strong>amplecti</strong></span> <span class='ocrx_word' id='word_1_57' title='bbox 845 1801 852 1846; x_wconf 94' lang='lat'><strong>:</strong></span> <span class='ocrx_word' id='word_1_58' title='bbox 864 1775 940 1870; x_wconf 87' lang='lat' dir='ltr'><strong>jam</strong></span> <span class='ocrx_word' id='word_1_59' title='bbox 954 1798 993 1845; x_wconf 90' lang='lat' dir='ltr'><strong>se</strong></span> <span class='ocrx_word' id='word_1_60' title='bbox 1006 1772 1102 1846; x_wconf 75' lang='lat' dir='ltr'><strong>male</strong></span> <span class='ocrx_word' id='word_1_61' title='bbox 1115 1773 1284 1846; x_wconf 85' lang='lat' dir='ltr'><strong>eontinet</strong></span> <span class='ocrx_word' id='word_1_62' title='bbox 1293 1799 1436 1846; x_wconf 83' lang='lat' dir='ltr'><strong>amens.</strong></span> 
     </span>
     <span class='ocr_line' id='line_1_11' title="bbox 442 1900 1356 2010; baseline -0.015 -20"><span class='ocrx_word' id='word_1_63' title='bbox 442 1916 530 2010; x_wconf 90' lang='lat' dir='ltr'><strong>llle,</strong></span> <span class='ocrx_word' id='word_1_64' title='bbox 550 1909 671 2005; x_wconf 85' lang='lat' dir='ltr'><strong>cavis,</strong></span> <span class='ocrx_word' id='word_1_65' title='bbox 691 1903 822 1999; x_wconf 84' lang='lat' dir='ltr'><strong>velox,</strong></span> <span class='ocrx_word' id='word_1_66' title='bbox 838 1900 1018 1998; x_wconf 86' lang='lat' dir='ltr'><strong>applausu</strong></span> <span class='ocrx_word' id='word_1_67' title='bbox 1030 1925 1187 1998; x_wconf 83' lang='lat' dir='ltr'><strong>corpore</strong></span> <span class='ocrx_word' id='word_1_68' title='bbox 1201 1901 1356 2000; x_wconf 84' lang='lat' dir='ltr'><strong>palmis,</strong></span> 
     </span>
     <span class='ocr_line' id='line_1_12' title="bbox 442 2029 1355 2125; baseline -0.016 -6"><span class='ocrx_word' id='word_1_69' title='bbox 442 2043 578 2120; x_wconf 87' lang='lat' dir='ltr'><strong>Desilit</strong></span> <span class='ocrx_word' id='word_1_70' title='bbox 589 2041 633 2113; x_wconf 90' lang='lat' dir='ltr'><strong>in</strong></span> <span class='ocrx_word' id='word_1_71' title='bbox 646 2034 772 2110; x_wconf 84' lang='lat' dir='ltr'><strong>latices</strong></span> <span class='ocrx_word' id='word_1_72' title='bbox 790 2060 797 2104; x_wconf 93' lang='lat'>:</span> <span class='ocrx_word' id='word_1_73' title='bbox 814 2031 1034 2125; x_wconf 85' lang='lat' dir='ltr'><strong>alternaque</strong></span> <span class='ocrx_word' id='word_1_74' title='bbox 1047 2029 1200 2103; x_wconf 84' lang='lat' dir='ltr'><strong>brachia</strong></span> <span class='ocrx_word' id='word_1_75' title='bbox 1212 2029 1355 2104; x_wconf 88' lang='lat' dir='ltr'><strong>ducens</strong></span> 
     </span>
     <span class='ocr_line' id='line_1_13' title="bbox 439 2161 1413 2274; baseline -0.014 -24"><span class='ocrx_word' id='word_1_76' title='bbox 439 2177 487 2250; x_wconf 89' lang='lat' dir='ltr'><strong>ln</strong></span> <span class='ocrx_word' id='word_1_77' title='bbox 500 2171 657 2274; x_wconf 86' lang='lat' dir='ltr'><strong>liquidis</strong></span> <span class='ocrx_word' id='word_1_78' title='bbox 670 2164 875 2241; x_wconf 76' lang='lat' dir='ltr'><strong>translucet</strong></span> <span class='ocrx_word' id='word_1_79' title='bbox 887 2162 996 2258; x_wconf 87' lang='lat' dir='ltr'><strong>aquis</strong></span> <span class='ocrx_word' id='word_1_80' title='bbox 1014 2191 1022 2235; x_wconf 95' lang='lat'><strong>:</strong></span> <span class='ocrx_word' id='word_1_81' title='bbox 1040 2175 1085 2235; x_wconf 85' lang='lat' dir='ltr'><strong>ut</strong></span> <span class='ocrx_word' id='word_1_82' title='bbox 1099 2164 1267 2237; x_wconf 86' lang='lat' dir='ltr'><strong>eburnea</strong></span> <span class='ocrx_word' id='word_1_83' title='bbox 1279 2165 1312 2238; x_wconf 90' lang='lat' dir='ltr'><strong>si</strong></span> <span class='ocrx_word' id='word_1_84' title='bbox 1324 2161 1413 2261; x_wconf 84' lang='lat' dir='ltr'><strong>quis</strong></span> 
     </span>
     <span class='ocr_line' id='line_1_14' title="bbox 440 2287 1289 2400; baseline -0.012 -24"><span class='ocrx_word' id='word_1_85' title='bbox 440 2303 553 2400; x_wconf 76' lang='lat' dir='ltr'><strong>Signa</strong></span> <span class='ocrx_word' id='word_1_86' title='bbox 566 2293 797 2395; x_wconf 70' lang='lat' dir='ltr'><strong>togatum,</strong></span> <span class='ocrx_word' id='word_1_87' title='bbox 812 2287 876 2364; x_wconf 87' lang='lat' dir='ltr'><strong>vel</strong></span> <span class='ocrx_word' id='word_1_88' title='bbox 888 2287 1157 2388; x_wconf 72' lang='lat' dir='ltr'><strong>candidantis,</strong></span> <span class='ocrx_word' id='word_1_89' title='bbox 1175 2291 1289 2367; x_wconf 88' lang='lat' dir='ltr'><strong>vitro.</strong></span> 
     </span>
     <span class='ocr_line' id='line_1_15' title="bbox 432 2423 1518 2526; baseline -0.008 -16"><span class='ocrx_word' id='word_1_90' title='bbox 432 2503 435 2509; x_wconf 91' lang='lat'>.</span> <span class='ocrx_word' id='word_1_91' title='bbox 489 2432 682 2526; x_wconf 83' lang='lat' dir='ltr'><strong>Vicimus,</strong></span> <span class='ocrx_word' id='word_1_92' title='bbox 701 2451 751 2500; x_wconf 83' lang='lat' dir='ltr'><strong>cn</strong></span> <span class='ocrx_word' id='word_1_93' title='bbox 762 2448 871 2500; x_wconf 81' lang='lat' dir='ltr'><strong>meus</strong></span> <span class='ocrx_word' id='word_1_94' title='bbox 884 2447 941 2519; x_wconf 85' lang='lat' dir='ltr'><strong>es,</strong></span> <span class='ocrx_word' id='word_1_95' title='bbox 958 2423 1143 2498; x_wconf 81' lang='lat' dir='ltr'><strong>exclamat</strong></span> <span class='ocrx_word' id='word_1_96' title='bbox 1155 2425 1244 2498; x_wconf 80' lang='lat' dir='ltr'><strong>Nais</strong></span> <span class='ocrx_word' id='word_1_97' title='bbox 1261 2453 1269 2498; x_wconf 92' lang='lat'>:</span> <span class='ocrx_word' id='word_1_98' title='bbox 1285 2437 1342 2523; x_wconf 88' lang='lat' dir='ltr'><strong>et,</strong></span> <span class='ocrx_word' id='word_1_99' title='bbox 1361 2426 1468 2502; x_wconf 88' lang='lat' dir='ltr'><strong>omni</strong></span> <span class='ocrx_word' id='word_1_100' title='bbox 1515 2456 1518 2462; x_wconf 94' lang='lat'>·</span> 
     </span>
     <span class='ocr_line' id='line_1_16' title="bbox 440 2551 1367 2662; baseline -0.016 -20"><span class='ocrx_word' id='word_1_101' title='bbox 440 2567 553 2641; x_wconf 85' lang='lat' dir='ltr'><strong>Veste</strong></span> <span class='ocrx_word' id='word_1_102' title='bbox 564 2561 699 2662; x_wconf 89' lang='lat' dir='ltr'><strong>procul</strong></span> <span class='ocrx_word' id='word_1_103' title='bbox 714 2553 829 2654; x_wconf 71' lang='lat' dir='ltr'><strong>jacti,</strong></span> <span class='ocrx_word' id='word_1_104' title='bbox 846 2551 981 2626; x_wconf 89' lang='lat' dir='ltr'><strong>mediis</strong></span> <span class='ocrx_word' id='word_1_105' title='bbox 995 2552 1219 2627; x_wconf 77' lang='lat' dir='ltr'><strong>immittitur</strong></span> <span class='ocrx_word' id='word_1_106' title='bbox 1233 2553 1367 2652; x_wconf 86' lang='lat' dir='ltr'><strong>undis,</strong></span> 
     </span>
     <span class='ocr_line' id='line_1_17' title="bbox 440 2687 1443 2797; baseline -0.011 -24"><span class='ocrx_word' id='word_1_107' title='bbox 440 2701 730 2797; x_wconf 85' lang='lat' dir='ltr'><strong>Pugnacemque</strong></span> <span class='ocrx_word' id='word_1_108' title='bbox 742 2701 847 2764; x_wconf 86' lang='lat' dir='ltr'><strong>tenet</strong></span> <span class='ocrx_word' id='word_1_109' title='bbox 865 2716 872 2763; x_wconf 94' lang='lat'><strong>:</strong></span> <span class='ocrx_word' id='word_1_110' title='bbox 888 2687 1146 2786; x_wconf 83' lang='lat' dir='ltr'><strong>luctantiaque</strong></span> <span class='ocrx_word' id='word_1_111' title='bbox 1160 2689 1288 2763; x_wconf 81' lang='lat' dir='ltr'><strong>oscula</strong></span> <span class='ocrx_word' id='word_1_112' title='bbox 1300 2689 1443 2787; x_wconf 82' lang='lat' dir='ltr'><strong>carpit3</strong></span> 
     </span>
     <span class='ocr_line' id='line_1_18' title="bbox 441 2823 1416 2936; baseline -0.012 -27"><span class='ocrx_word' id='word_1_113' title='bbox 441 2836 706 2933; x_wconf 83' lang='lat' dir='ltr'><strong>Subjectstque</strong></span> <span class='ocrx_word' id='word_1_114' title='bbox 721 2851 877 2936; x_wconf 82' lang='lat' dir='ltr'><strong>manus,</strong></span> <span class='ocrx_word' id='word_1_115' title='bbox 897 2823 1096 2922; x_wconf 86' lang='lat' dir='ltr'><strong>invitaque</strong></span> <span class='ocrx_word' id='word_1_116' title='bbox 1112 2835 1263 2921; x_wconf 84' lang='lat' dir='ltr'><strong>pectora</strong></span> <span class='ocrx_word' id='word_1_117' title='bbox 1276 2824 1416 2922; x_wconf 78' lang='lat' dir='ltr'><strong>tangit3</strong></span> 
     </span>
     <span class='ocr_line' id='line_1_19' title="bbox 439 2932 1426 3058; baseline -0.008 -19"><span class='ocrx_word' id='word_1_118' title='bbox 439 2967 488 3039; x_wconf 89' lang='lat' dir='ltr'><strong>Et</strong></span> <span class='ocrx_word' id='word_1_119' title='bbox 498 2991 604 3039; x_wconf 91' lang='lat' dir='ltr'><strong>nunc</strong></span> <span class='ocrx_word' id='word_1_120' title='bbox 616 2957 847 3058; x_wconf 70' lang='lat' dir='ltr'><strong>hicjuveni,</strong></span> <span class='ocrx_word' id='word_1_121' title='bbox 866 2983 972 3030; x_wconf 90' lang='lat' dir='ltr'><strong>nunc</strong></span> <span class='ocrx_word' id='word_1_122' title='bbox 985 2932 1311 3031; x_wconf 79' lang='lat' dir='ltr'><strong>circumfunditur</strong></span> <span class='ocrx_word' id='word_1_123' title='bbox 1326 2957 1426 3032; x_wconf 75' lang='lat' dir='ltr'><strong>illic.</strong></span> 
     </span>
     <span class='ocr_line' id='line_1_20' title="bbox 439 3085 1382 3189; baseline -0.007 -22"><span class='ocrx_word' id='word_1_124' title='bbox 439 3092 616 3189; x_wconf 90' lang='lat' dir='ltr'><strong>Denique</strong></span> <span class='ocrx_word' id='word_1_125' title='bbox 628 3089 814 3163; x_wconf 78' lang='lat' dir='ltr'><strong>nitentem</strong></span> <span class='ocrx_word' id='word_1_126' title='bbox 829 3096 961 3158; x_wconf 80' lang='lat' dir='ltr'><strong>contra</strong></span> <span class='ocrx_word' id='word_1_127' title='bbox 969 3141 980 3182; x_wconf 86' lang='lat'>‚</span> <span class='ocrx_word' id='word_1_128' title='bbox 1000 3085 1174 3182; x_wconf 86' lang='lat' dir='ltr'><strong>elabique</strong></span> <span class='ocrx_word' id='word_1_129' title='bbox 1188 3085 1382 3160; x_wconf 81' lang='lat' dir='ltr'><strong>volentem</strong></span> 
     </span>
     <span class='ocr_line' id='line_1_21' title="bbox 439 3213 1402 3320; baseline -0.008 -22"><span class='ocrx_word' id='word_1_130' title='bbox 439 3221 875 3320; x_wconf 72' lang='lat' dir='ltr'><strong>Implicat,utse1peus‚</strong></span> <span class='ocrx_word' id='word_1_131' title='bbox 894 3239 1010 3312; x_wconf 85' lang='lat' dir='ltr'><strong>quam</strong></span> <span class='ocrx_word' id='word_1_132' title='bbox 1021 3214 1121 3312; x_wconf 81' lang='lat' dir='ltr'><strong>regia</strong></span> <span class='ocrx_word' id='word_1_133' title='bbox 1133 3213 1295 3290; x_wconf 84' lang='lat' dir='ltr'><strong>sustinet</strong></span> <span class='ocrx_word' id='word_1_134' title='bbox 1305 3216 1402 3314; x_wconf 86' lang='lat' dir='ltr'><strong>ales,</strong></span> 
     </span>
     <span class='ocr_line' id='line_1_22' title="bbox 439 3347 1483 3448; baseline -0.006 -18"><span class='ocrx_word' id='word_1_135' title='bbox 439 3355 728 3448; x_wconf 76' lang='lat' dir='ltr'><strong>sublimemque</strong></span> <span class='ocrx_word' id='word_1_136' title='bbox 739 3349 841 3447; x_wconf 83' lang='lat' dir='ltr'><strong>rapit</strong></span> <span class='ocrx_word' id='word_1_137' title='bbox 857 3377 866 3422; x_wconf 75' lang='grc' dir='ltr'><strong>ε</strong></span> <span class='ocrx_word' id='word_1_138' title='bbox 880 3347 1052 3446; x_wconf 89' lang='lat' dir='ltr'><strong>pendens</strong></span> <span class='ocrx_word' id='word_1_139' title='bbox 1066 3361 1180 3446; x_wconf 87' lang='lat' dir='ltr'><strong>caput</strong></span> <span class='ocrx_word' id='word_1_140' title='bbox 1192 3349 1274 3447; x_wconf 84' lang='lat' dir='ltr'><strong>illa,</strong></span> <span class='ocrx_word' id='word_1_141' title='bbox 1292 3349 1483 3448; x_wconf 79' lang='lat' dir='ltr'><strong>pedesque</strong></span> 
     </span>
     <span class='ocr_line' id='line_1_23' title="bbox 439 3481 1299 3585; baseline -0.006 -22"><span class='ocrx_word' id='word_1_142' title='bbox 439 3487 591 3585; x_wconf 82' lang='lat' dir='ltr'><strong>Alligat,</strong></span> <span class='ocrx_word' id='word_1_143' title='bbox 609 3496 646 3557; x_wconf 88' lang='lat' dir='ltr'><strong>et</strong></span> <span class='ocrx_word' id='word_1_144' title='bbox 660 3481 778 3557; x_wconf 70' lang='lat' dir='ltr'><strong>cauda</strong></span> <span class='ocrx_word' id='word_1_145' title='bbox 790 3482 990 3579; x_wconf 83' lang='lat' dir='ltr'><strong>spatiantes</strong></span> <span class='ocrx_word' id='word_1_146' title='bbox 1004 3482 1173 3581; x_wconf 85' lang='lat' dir='ltr'><strong>implicat</strong></span> <span class='ocrx_word' id='word_1_147' title='bbox 1185 3483 1260 3556; x_wconf 81' lang='lat' dir='ltr'><strong>alas</strong></span> <span class='ocrx_word' id='word_1_148' title='bbox 1276 3487 1299 3558; x_wconf 88' lang='lat'><strong>¹.</strong></span> 
     </span>
    </p>

    <p class='ocr_par' dir='ltr' id='par_1_3' title="bbox 437 3632 1487 3914">
     <span class='ocr_line' id='line_1_24' title="bbox 484 3632 1483 3712; baseline -0.002 -18"><span class='ocrx_word' id='word_1_149' title='bbox 484 3640 493 3670; x_wconf 88' lang='lat'><strong>¹</strong></span> <span class='ocrx_word' id='word_1_150' title='bbox 525 3639 568 3694; x_wconf 85' lang='lat' dir='ltr'><strong>La</strong></span> <span class='ocrx_word' id='word_1_151' title='bbox 587 3632 795 3710; x_wconf 76' lang='lat' dir='ltr'><strong>comparaison</strong></span> <span class='ocrx_word' id='word_1_152' title='bbox 813 3645 857 3692; x_wconf 81' lang='lat' dir='ltr'><strong>est</strong></span> <span class='ocrx_word' id='word_1_153' title='bbox 877 3653 921 3690; x_wconf 85' lang='lat' dir='ltr'><strong>uu</strong></span> <span class='ocrx_word' id='word_1_154' title='bbox 938 3633 990 3692; x_wconf 82' lang='lat' dir='ltr'><strong>des</strong></span> <span class='ocrx_word' id='word_1_155' title='bbox 1008 3636 1079 3712; x_wconf 77' lang='lat' dir='ltr'><strong>plus</strong></span> <span class='ocrx_word' id='word_1_156' title='bbox 1100 3635 1196 3694; x_wconf 77' lang='lat' dir='ltr'><strong>bem</strong></span> <span class='ocrx_word' id='word_1_157' title='bbox 1216 3653 1373 3694; x_wconf 76' lang='lat' dir='ltr'><strong>crumena</strong></span> <span class='ocrx_word' id='word_1_158' title='bbox 1393 3635 1430 3692; x_wconf 89' lang='lat' dir='ltr'><strong>de</strong></span> <span class='ocrx_word' id='word_1_159' title='bbox 1452 3635 1483 3692; x_wconf 81' lang='lat' dir='ltr'><strong>ls</strong></span> 
     </span>
     <span class='ocr_line' id='line_1_25' title="bbox 438 3733 1487 3828; baseline -0.006 -31"><span class='ocrx_word' id='word_1_160' title='bbox 438 3739 556 3828; x_wconf 70' lang='lat' dir='ltr'><strong>poesie,</strong></span> <span class='ocrx_word' id='word_1_161' title='bbox 570 3736 673 3814; x_wconf 81' lang='lat' dir='ltr'><strong>quand</strong></span> <span class='ocrx_word' id='word_1_162' title='bbox 683 3754 740 3811; x_wconf 85' lang='lat' dir='ltr'><strong>par</strong></span> <span class='ocrx_word' id='word_1_163' title='bbox 752 3753 784 3792; x_wconf 80' lang='lat' dir='ltr'><strong>sa</strong></span> <span class='ocrx_word' id='word_1_164' title='bbox 794 3733 919 3809; x_wconf 81' lang='lat' dir='ltr'><strong>justesse</strong></span> <span class='ocrx_word' id='word_1_165' title='bbox 932 3747 962 3794; x_wconf 86' lang='lat' dir='ltr'><strong>et</strong></span> <span class='ocrx_word' id='word_1_166' title='bbox 974 3754 1031 3813; x_wconf 81' lang='lat' dir='ltr'><strong>par</strong></span> <span class='ocrx_word' id='word_1_167' title='bbox 1043 3753 1076 3796; x_wconf 82' lang='lat' dir='ltr'><strong>ss</strong></span> <span class='ocrx_word' id='word_1_168' title='bbox 1087 3738 1275 3808; x_wconf 59' lang='lat' dir='ltr'><strong>norvanum,</strong></span> <span class='ocrx_word' id='word_1_169' title='bbox 1288 3736 1342 3794; x_wconf 86' lang='lat' dir='ltr'><strong>elle</strong></span> <span class='ocrx_word' id='word_1_170' title='bbox 1355 3735 1487 3794; x_wconf 74' lang='lat' dir='ltr'><strong>eclairoit</strong></span> 
     </span>
     <span class='ocr_line' id='line_1_26' title="bbox 437 3833 1485 3914; baseline -0.001 -20"><span class='ocrx_word' id='word_1_171' title='bbox 437 3837 540 3911; x_wconf 85' lang='lat' dir='ltr'><strong>l&#39;objet</strong></span> <span class='ocrx_word' id='word_1_172' title='bbox 552 3848 581 3894; x_wconf 85' lang='lat' dir='ltr'><strong>et</strong></span> <span class='ocrx_word' id='word_1_173' title='bbox 594 3833 743 3893; x_wconf 83' lang='lat' dir='ltr'><strong>l&#39;embellit</strong></span> <span class='ocrx_word' id='word_1_174' title='bbox 758 3853 815 3910; x_wconf 87' lang='lat' dir='ltr'><strong>par</strong></span> <span class='ocrx_word' id='word_1_175' title='bbox 829 3853 889 3891; x_wconf 88' lang='lat' dir='ltr'><strong>une</strong></span> <span class='ocrx_word' id='word_1_176' title='bbox 901 3833 997 3914; x_wconf 82' lang='lat' dir='ltr'><strong>image</strong></span> <span class='ocrx_word' id='word_1_177' title='bbox 1010 3836 1118 3896; x_wconf 83' lang='lat' dir='ltr'><strong>choisie</strong></span> <span class='ocrx_word' id='word_1_178' title='bbox 1135 3849 1164 3894; x_wconf 85' lang='lat' dir='ltr'><strong>et</strong></span> <span class='ocrx_word' id='word_1_179' title='bbox 1177 3857 1237 3913; x_wconf 89' lang='lat' dir='ltr'><strong>peu</strong></span> <span class='ocrx_word' id='word_1_180' title='bbox 1252 3856 1420 3895; x_wconf 85' lang='lat' dir='ltr'><strong>commune.</strong></span> <span class='ocrx_word' id='word_1_181' title='bbox 1437 3837 1485 3893; x_wconf 89' lang='lat' dir='ltr'><strong>Eu</strong></span> 
     </span>
    </p>
   </div>
   <div class='ocr_carea' id='block_1_3' title="bbox 437 3934 1602 4488">
    <p class='ocr_par' dir='ltr' id='par_1_4' title="bbox 437 3934 1602 4488">
     <span class='ocr_line' id='line_1_27' title="bbox 437 3934 1602 4016; baseline -0.002 -20"><span class='ocrx_word' id='word_1_182' title='bbox 437 3938 517 3996; x_wconf 71' lang='lat' dir='ltr'><strong>voilia</strong></span> <span class='ocrx_word' id='word_1_183' title='bbox 531 3936 604 3994; x_wconf 81' lang='lat' dir='ltr'><strong>trois</strong></span> <span class='ocrx_word' id='word_1_184' title='bbox 617 3935 653 3993; x_wconf 87' lang='lat' dir='ltr'><strong>de</strong></span> <span class='ocrx_word' id='word_1_185' title='bbox 667 3934 743 3992; x_wconf 83' lang='lat' dir='ltr'><strong>suite</strong></span> <span class='ocrx_word' id='word_1_186' title='bbox 758 3935 812 4012; x_wconf 89' lang='lat' dir='ltr'><strong>qui</strong></span> <span class='ocrx_word' id='word_1_187' title='bbox 826 3945 879 3992; x_wconf 84' lang='lat' dir='ltr'><strong>ont</strong></span> <span class='ocrx_word' id='word_1_188' title='bbox 893 3954 933 3992; x_wconf 90' lang='lat' dir='ltr'><strong>au</strong></span> <span class='ocrx_word' id='word_1_189' title='bbox 945 3938 1083 4012; x_wconf 66' lang='lat' dir='ltr'><strong>supreme</strong></span> <span class='ocrx_word' id='word_1_190' title='bbox 1097 3937 1187 4016; x_wconf 71' lang='lat' dir='ltr'><strong>degni</strong></span> <span class='ocrx_word' id='word_1_191' title='bbox 1202 3955 1234 3995; x_wconf 83' lang='lat' dir='ltr'><strong>ce</strong></span> <span class='ocrx_word' id='word_1_192' title='bbox 1245 3937 1356 3994; x_wconf 88' lang='lat' dir='ltr'><strong>double</strong></span> <span class='ocrx_word' id='word_1_193' title='bbox 1368 3937 1483 3994; x_wconf 66' lang='lat' dir='ltr'><strong>merite.</strong></span> <span class='ocrx_word' id='word_1_194' title='bbox 1601 3993 1602 4000; x_wconf 69' lang='grc'>,</span> 
     </span>
     <span class='ocr_line' id='line_1_28' title="bbox 437 4031 1602 4114; baseline -0.003 -17"><span class='ocrx_word' id='word_1_195' title='bbox 437 4039 471 4097; x_wconf 78' lang='lat' dir='ltr'><strong>Je</strong></span> <span class='ocrx_word' id='word_1_196' title='bbox 484 4039 551 4095; x_wconf 85' lang='lat' dir='ltr'><strong>n&#39;en</strong></span> <span class='ocrx_word' id='word_1_197' title='bbox 561 4035 683 4096; x_wconf 79' lang='lat' dir='ltr'><strong>connals</strong></span> <span class='ocrx_word' id='word_1_198' title='bbox 694 4055 747 4113; x_wconf 83' lang='lat' dir='ltr'><strong>pas</strong></span> <span class='ocrx_word' id='word_1_199' title='bbox 757 4035 918 4112; x_wconf 83' lang='lat' dir='ltr'><strong>d&#39;exemple</strong></span> <span class='ocrx_word' id='word_1_200' title='bbox 930 4035 1003 4106; x_wconf 71' lang='lat' dir='ltr'><strong>dans</strong></span> <span class='ocrx_word' id='word_1_201' title='bbox 1016 4058 1060 4098; x_wconf 85' lang='lat' dir='ltr'><strong>un</strong></span> <span class='ocrx_word' id='word_1_202' title='bbox 1070 4047 1156 4098; x_wconf 82' lang='lat' dir='ltr'><strong>autre</strong></span> <span class='ocrx_word' id='word_1_203' title='bbox 1166 4037 1254 4114; x_wconf 74' lang='lat' dir='ltr'><strong>poete</strong></span> <span class='ocrx_word' id='word_1_204' title='bbox 1267 4036 1426 4114; x_wconf 77' lang='lat' dir='ltr'><strong>qu&#39;Oaide.</strong></span> <span class='ocrx_word' id='word_1_205' title='bbox 1601 4031 1602 4110; x_wconf 77' lang='lat' dir='ltr'><strong>l</strong></span> 
     </span>
     <span class='ocr_line' id='line_1_29' title="bbox 1601 4443 1602 4488; baseline 0 0"><span class='ocrx_word' id='word_1_206' title='bbox 1601 4443 1602 4488; x_wconf 90' lang='lat' dir='ltr'><strong>l</strong></span> 
     </span>
    </p>
   </div>
   <div class='ocr_carea' id='block_1_4' title="bbox 1597 4741 1602 4998">
    <p class='ocr_par' dir='ltr' id='par_1_5' title="bbox 1597 4741 1602 4998">
     <span class='ocr_line' id='line_1_30' title="bbox 1597 4741 1602 4998; baseline 0 0"><span class='ocrx_word' id='word_1_207' title='bbox 1597 4741 1602 4998; x_wconf 88' lang='lat' dir='ltr'><strong>l</strong></span> 
     </span>
    </p>
   </div>
   <div class='ocr_carea' id='block_1_5' title="bbox 0 0 1612 5300">
    <p class='ocr_par' dir='ltr' id='par_1_6' title="bbox 0 0 1612 5300">
     <span class='ocr_line' id='line_1_31' title="bbox 0 0 1612 5300; baseline 0 5"><span class='ocrx_word' id='word_1_208' title='bbox 0 0 1612 5300; x_wconf 95' lang='lat' dir='ltr'><strong> </strong></span> 
     </span>
    </p>
   </div>
  </div>
 </body>
</html>
