3170 5304
404 566 406 572 ’
463 566 534 642 224
578 583 662 640 nas
691 554 1130 637 asrauoarnosas
1161 578 1384 660 norma,

462 731 671 806 Vaticinata
688 737 696 767 ¹
716 729 797 803 vias
817 754 825 799 :
843 723 1067 820 Ismenides,
1080 724 1139 800 ite
1152 723 1380 830 frequentes,

460 865 509 940 Et
521 863 606 937 date
617 864 793 956 Latona,
812 856 1127 954 Latonigenisque
1140 857 1308 959 duobus,

461 997 558 1069 Cum
570 1021 680 1093 prece
692 1006 779 1068 tura
791 987 872 1087 piat3
892 988 1078 1083 lauroque
1090 987 1271 1063 innectite
1288 991 1440 1065 crinem:

462 1125 540 1198 Ore
551 1149 635 1197 meo
649 1124 790 1196 Latona
805 1117 923 1213 jubet.
942 1117 1121 1213 Paretur,
1140 1130 1177 1190 et
1190 1144 1322 1192 omnes

461 1248 670 1324 Thebaides
685 1246 798 1343 jussis
811 1271 879 1316 sua
895 1257 1064 1341 tempora
1079 1244 1282 1320 frondibus
1297 1259 1444 1344 ornant3

462 1376 640 1474 Turaque
653 1375 746 1448 dant
758 1371 912 1467 sanctis,
928 1381 965 1442 et
978 1373 1095 1444 verba
1106 1373 1317 1472 precantia,
1331 1374 1481 1450 flammis.

463 1509 556 1583 Ecce
569 1507 678 1581 venit
690 1504 874 1579 comitum
889 1501 1008 1576 Niobe
1022 1503 1266 1577 celeberrima
1281 1507 1404 1604 turba,

463 1635 639 1710 Vestibus
652 1635 798 1707 intexto
815 1631 990 1728 Phrygiis
1006 1634 1216 1729 spectabilis
1233 1662 1345 1732 aum3

465 1763 530 1859 Et,
547 1739 736 1860 quantum
751 1761 807 1832 ira
820 1759 930 1854 sinit,
945 1757 1136 1834 formosa⁵
1153 1791 1161 1835 ε
1176 1789 1407 1861 movensque
1417 1761 1519 1835 decoro

430 1975 434 1982 ,
464 1889 562 1966 Cum
576 1893 695 1990 capite
703 1888 1106 1965 immissoshumerum
1114 1917 1182 1988 per
1191 1905 1397 1991 utrumque
1405 1891 1533 1990 capillos,

464 2022 658 2096 Constitit:
668 2033 788 2118 utque
801 2019 928 2092 oeulos
942 2019 1177 2092 circumtulit
1188 2021 1262 2094 alta
1274 2023 1456 2120 superb0s;

514 2152 611 2239 Quis
628 2151 736 2226 furor
753 2149 766 2189 ³
780 2149 949 2246 auditos,
967 2149 1114 2246 inquit,
1132 2175 1352 2248 praeponere
1367 2151 1447 2226 visis

465 2280 666 2356 Coelestes?
681 2293 830 2354 auteur
844 2277 983 2352 colitur
996 2279 1138 2352 Latona
1152 2307 1221 2378 per
1233 2284 1343 2356 aras?

465 2407 1065 2482 Numenadbucsineturemeum
1071 2407 1538 2496 est?mibiTantalusauetor‚

432 2575 434 2580 ·
466 2539 539 2612 cui
555 2539 664 2612 licuit
678 2537 747 2611 soli
762 2538 995 2633 Superorum
1012 2549 1161 2634 tangere
1175 2541 1334 2615 mensas.

467 2667 664 2742 Pleiadum
674 2692 779 2740 soror
793 2677 848 2738 est
860 2665 1026 2762 genitrix
1038 2664 1138 2738 mihi
1156 2694 1164 2740 ε
1179 2669 1369 2741 maximus
1380 2667 1467 2741 Atlas

381 2805 385 2810 “
468 2795 533 2870 Est
545 2822 658 2892 avus,
675 2795 881 2870 aetbereum
895 2795 964 2891 qui
977 2793 1051 2867 fert
1064 2795 1275 2868 cervicibus
1291 2821 1413 2869 axem:

467 2931 489 3002 J
489 2930 642 3029 uppiter
655 2929 747 3004 alter
756 2955 853 3026 avus
860 2959 870 3024 3
890 2954 1017 3002 socero
1030 2954 1182 3046 quoque
1195 2929 1335 3026 glorior
1348 2929 1419 3000 illo.

467 3060 530 3134 Me
541 3073 666 3159 gentes
679 3073 858 3136 metuunt
871 3061 1043 3160 Phrygiae
1061 3091 1069 3136 :
1085 3087 1147 3136 me
1159 3063 1259 3160 regia
1272 3060 1399 3136 cadmi

468 3193 548 3268 Sub
564 3193 719 3268 dominii
729 3207 783 3268 est
801 3224 808 3268 :
825 3193 1039 3290 fidibusque
1053 3196 1129 3268 mei
1146 3194 1343 3268 commissa
1354 3185 1464 3266 mariti

469 3327 612 3404 Moenia
624 3354 712 3402 cum
725 3329 910 3427 populisa
926 3355 1063 3426 meque
1078 3329 1239 3426 viroque
1252 3339 1437 3426 reguntur.

516 3513 524 3542 ¹
544 3513 586 3567 Le
598 3509 799 3568 traduatenra
810 3510 884 3568 omis
893 3525 959 3569 sara
971 3513 1084 3570 Tiresia
1091 3536 1102 3570 .·
1112 3531 1144 3570 ce
1155 3513 1229 3569 n’est
1237 3529 1291 3586 pas
1301 3529 1332 3570 ss
1342 3510 1416 3566 faute
1425 3525 1432 3574 3
1442 3517 1483 3558 car

471 3609 514 3666 les
536 3607 752 3666 versffieateurs
775 3609 951 3684 prttendent
970 3629 1030 3685 que
1050 3614 1081 3666 la
1090 3609 1162 3689 fille
1173 3610 1212 3666 de
1232 3609 1357 3665 Tiresias
1373 3621 1407 3660 ne
1423 3605 1483 3675 peut

470 3724 524 3784 pas
539 3705 723 3764 entrerdsns
738 3693 1070 3766 lameiured’unvers.
1218 3777 1220 3784 Α

513 3809 527 3840 ¹
545 3807 586 3863 Le
596 3805 683 3880 poete
692 3805 773 3880 paint
783 3805 1167 3882 il'espritlaphysionomie
1177 3803 1229 3864 des
1239 3803 1380 3882 passiam,
1388 3805 1483 3856 comm

471 3902 499 3961 le
509 3901 622 3978 peintre
635 3903 784 3977 l'exprime
797 3923 856 3960 anx
868 3923 946 3979 yeux
958 3923 1010 3961 sur
1020 3905 1049 3962 la
1060 3905 1140 3962 toile.

511 3995 526 4035 ³
543 3999 759 4083 Furorsiguifie
771 4003 1198 4075 tour-t·tourfureur,s011e,
1210 3999 1425 4064 enthousiasme·
