3218 5342
454 513 528 606 570
570 527 654 584 aas
683 500 1123 584 ndrnnonrnosus
1154 527 1375 606 u’ovma,

363 769 364 773 Ἰ
452 671 538 746 Sole
551 671 628 747 fere
641 666 755 746 radiis
769 667 927 744 feriente
941 670 1138 744 cacumina
1150 674 1306 774 primis,
1447 727 1453 740 .

452 803 641 879 Venatum
654 803 697 876 in
709 801 821 876 silvas
833 799 1055 896 juveniliter
1068 802 1125 879 ire
1137 805 1320 882 solebam:

448 931 528 1009 Nee
540 956 693 1005 mecum,
701 927 862 1004 famulos
870 986 882 1024 ,
896 953 966 1001 nec
981 954 1113 1026 equos,
1129 958 1200 1005 nec
1213 935 1362 1010 naribus
1373 957 1460 1008 aeres

450 1059 512 1134 lre
527 1085 654 1156 canes,
670 1082 740 1132 neo
752 1058 832 1131 lina
845 1057 954 1154 sequi
965 1057 1108 1134 nodosa
1122 1063 1313 1142 sinebam:

448 1194 572 1268 Tutus
586 1190 835 1289 eramjacu10.
852 1189 924 1263 Sed
938 1192 1028 1266 cum
1040 1194 1171 1269 satiata
1183 1196 1315 1273 ferina

447 1325 612 1400 Dextera
626 1321 736 1398 caedis
751 1332 830 1396 erat
839 1352 850 1419 3
866 1325 1079 1420 repetebam
1092 1325 1232 1427 frigus,
1249 1343 1287 1405 et
1298 1331 1461 1422 umbras,-

445 1453 514 1552 Et,
529 1477 615 1550 quae
626 1451 675 1526 de
687 1451 817 1551 gelidis
830 1451 980 1527 halabat
992 1455 1175 1556 vallibus,
1190 1487 1333 1538 auram.

445 1580 551 1656 Aura
562 1582 759 1679 petebatur
770 1578 896 1654 medio
908 1578 1008 1656 mihi
1019 1582 1116 1658 lenis
1130 1585 1173 1660 in
1186 1599 1282 1662 oestu
1296 1619 1304 1662 :

446 1713 591 1789 Auram
604 1713 862 1810 exspectabam
878 1741 886 1788 :
900 1717 1050 1812 requies
1063 1731 1143 1794 erat
1154 1719 1218 1796 illa
1229 1722 1360 1798 labori.

443 1845 567 1943 Aura,
583 1841 761 1918 recordor
773 1841 898 1940 enim,
913 1827 1064 1945 uenias,
1080 1861 1229 1924 cantare
1245 1851 1420 1944 solebom3

415 1951 419 1956 Ι
445 1977 583 2074 Meque
595 1978 722 2074 juves,
737 1973 932 2070 intresque
948 1975 1075 2074 sinus,
1092 1978 1317 2077 gratissima,
1335 1988 1477 2053 nostros:

446 2105 573 2204 thue
585 2105 694 2202 facis,
708 2104 875 2178 relevare
888 2103 1000 2201 velis,
1016 2105 1157 2204 quibus
1170 2108 1343 2205 urimur,
1356 2117 1464 2182 astus.

446 2237 617 2312 Forsitan
630 2232 840 2309 addiderim
850 2293 861 2334 ,
877 2235 930 2308 sio
942 2261 1004 2308 me
1017 2261 1102 2310 mea
1113 2235 1187 2312 fata
1198 2236 1411 2330 trahebant,

445 2367 651 2444 Blanditias
665 2365 793 2465 plures
811 2393 819 2440 :
836 2368 891 2462 et',
907 2363 969 2437 Tu
982 2364 1082 2439 mihi
1096 2389 1229 2463 magna
1239 2367 1426 2464 voluptas,

445 2497 580 2572 Dicere
594 2495 666 2568 sim
682 2494 837 2569 solitus:
855 2505 900 2566 tu
916 2519 978 2567 me
993 2489 1192 2590 reficisque
1206 2491 1385 2590 fovesque
1398 2517 1421 2563 :-

408 2663 409 2666 ¹
444 2625 507 2699 Tu
522 2625 631 2723 facis,
646 2637 692 2699 ut
707 2625 838 2722 silvas,
853 2634 900 2698 ut
913 2649 1037 2699 amem
1053 2623 1134 2698 loca
1149 2624 1247 2699 sola:
1268 2647 1424 2720 meoque

444 2754 610 2856 Spiritus
626 2755 696 2828 iste
711 2766 802 2827 tuus
818 2780 965 2852 semper
981 2767 1152 2853 captatur
1167 2757 1213 2829 ab
1231 2783 1311 2832 ore.

494 2885 660 2960 Vocibus
675 2885 859 2982 ambiguis
875 2884 1067 2985 deceptam
1082 2889 1248 2986 praebuit
1264 2913 1395 2965 aurern

444 3015 579 3096 Nescio
596 3015 683 3116 quis
700 3045 708 3091 :
727 3042 944 3117 nomenque
959 3045 1061 3094 aurae
1077 3032 1155 3094 tam
1171 3047 1270 3120 saepe
1285 3031 1455 3096 vocatum

447 3149 535 3234 Esse
547 3159 685 3246 putans
697 3147 903 3246 Nymphae,
917 3147 1134 3248 Nympham
1146 3151 1246 3225 mihi
1260 3151 1380 3226 credit
1391 3145 1502 3227 amari.

446 3277 628 3352 Criminis
644 3277 834 3375 externplo
848 3277 928 3352 ficti
942 3281 1164 3355 temerarius
1180 3280 1301 3356 index

445 3407 606 3486 Procrin
620 3409 700 3486 adit
713 3440 721 3485 :
734 3410 939 3510 lingudque
953 3411 1069 3488 refert
1083 3412 1214 3504 audita
1228 3414 1397 3490 susurri.

447 3535 610 3628 Credula
624 3563 684 3614 res
699 3567 805 3616 amor
820 3553 897 3617 est:
916 3544 1043 3618 subito
1058 3545 1216 3644 collapsa
1231 3545 1385 3647 dolore,

448 3663 502 3742 Ut
516 3668 590 3742 sibi
606 3683 801 3769 nauatam,
818 3674 976 3750 cecidit:
994 3675 1183 3776 longoque
1197 3678 1338 3754 refecta

448 3794 655 3896 Tempore3
674 3800 721 3874 Se
736 3802 931 3901 miseram,
949 3831 989 3878 se
1004 3804 1071 3880 fati
1087 3805 1188 3906 dixit
1203 3807 1356 3906 iniqui:

448 3927 581 4030 Deque
596 3931 670 4010 fide
685 3949 815 4036 questa
830 3949 909 4021 est:
924 3950 962 4015 et
976 3939 1136 4018 crimine
1152 3940 1299 4016 concita
1316 3963 1434 4028 vano,
