3214 5300
450 633 497 705 64
566 662 651 718 nus
681 630 1123 717 ubrmuonruosns
1154 653 1383 733 u’ovrns,

449 787 603 879 Fertur,
622 793 659 856 et
673 777 809 852 exalto
823 771 992 848 seductas
1005 771 1144 848 aethere
1161 775 1270 872 longe

447 914 644 1009 Despectat
656 920 793 1000 terras,
807 914 1008 1000 totumque
1022 903 1238 1000 supervolat
1251 905 1395 979 orbem.

448 1045 525 1120 Ter
540 1041 677 1140 gelidas
690 1038 841 1134 Arctos,
859 1046 917 1110 ter
932 1035 1067 1110 Caneri
1079 1036 1233 1112 brachia
1247 1036 1364 1131 vidit,

450 1177 556 1272 Saepe
569 1171 640 1246 sub
653 1191 821 1261 occasus,
839 1189 935 1260 saepa
950 1173 1005 1236 est
1018 1163 1164 1238 ablatus
1178 1163 1221 1238 in
1238 1175 1356 1238 ortus.

448 1307 609 1402 Jamque
623 1299 777 1375 cadente
789 1296 871 1391 die,
889 1293 1035 1368 veritus
1052 1321 1090 1368 se
1104 1294 1255 1370 credere
1271 1294 1397 1390 nocti,

450 1433 628 1512 Constitit
640 1428 842 1527 Hesperio,
860 1424 984 1522 regnis
1001 1425 1182 1522 Atlantis,
1198 1426 1240 1499 in
1255 1427 1368 1521 orbe3

448 1564 710 1660 Exiguumque
723 1553 817 1653 petit
829 1550 1020 1648 requiem,
1038 1550 1133 1625 dum
1147 1547 1298 1626 Lucifer
1311 1551 1415 1648 ignes
1462 1593 1464 1598 .

449 1693 589 1767 Evocet
602 1684 778 1776 Aurorae,
792 1705 928 1753 currus
941 1677 1089 1753 Aurora
1101 1679 1271 1754 diurnos.

448 1821 522 1897 Hic
533 1813 738 1889 hominum
751 1819 905 1882 cunctos
921 1807 1065 1904 ingenti
1078 1832 1234 1904 corpore
1248 1817 1429 1906 prestans

448 1939 698 2045 Iapetionides
713 1935 815 2009 Atlas
832 1930 906 2006 suit
923 1961 930 2005 :
950 1933 1083 2006 ultima
1093 1934 1204 2009 tellus

450 2081 547 2177 Rege
560 2075 631 2148 sub
641 2071 732 2164 hoc,
748 2077 785 2139 et
797 2076 937 2162 pontus
951 2074 1048 2160 erat,
1064 2065 1132 2160 qui
1146 2061 1241 2136 Solis
1254 2058 1400 2137 anhelis

449 2211 617 2308 AEquora
629 2198 758 2276 subdit
772 2197 897 2296 equis,
915 2207 953 2270 et
967 2195 1081 2272 fessos
1099 2197 1239 2296 exeipit
1253 2221 1353 2270 axes.

448 2338 553 2416 Mille
565 2357 689 2432 greges
701 2328 778 2425 illi,
795 2326 1028 2425 totidemque
1042 2340 1211 2404 armenta
1222 2353 1289 2425 per
1302 2327 1437 2402 herbas

450 2469 635 2546 Errabant
652 2493 660 2537 :
676 2476 713 2535 et
727 2460 893 2535 humum
907 2461 1049 2534 vicinia
1065 2463 1172 2536 nulla
1184 2463 1416 2559 premebant.

414 2609 416 2614 ’
448 2595 626 2684 Arboreae
638 2597 808 2692 frondes,
827 2624 920 2671 auro
936 2597 1105 2671 radiante
1118 2601 1285 2673 virentes
1302 2605 1333 2697 ¹,

448 2736 510 2812 Ex
521 2757 616 2804 auro
628 2753 771 2824 ramos,
790 2753 840 2800 cx
851 2753 945 2801 auro
961 2753 1074 2826 poma
1088 2731 1269 2828 tegebant.

496 2863 659 2960 Hospes,
678 2861 732 2934 ait
743 2861 898 2946 Perseus
913 2861 991 2960 illi,
1010 2889 1077 2936 seu
1090 2863 1206 2961 gloria
1222 2863 1339 2961 tangit

446 2997 502 3073 Te
518 2997 662 3094 generis
675 2995 819 3094 magni,
837 2995 982 3094 generis
999 2995 1098 3070 mihi
1110 2997 1132 3070 J
1134 2998 1287 3095 uppiter
1302 3008 1434 3072 auctor
1450 3025 1458 3070 :

448 3131 537 3205 Sive
549 3155 588 3202 es
601 3129 758 3203 mirator
773 3154 924 3224 rerum3
943 3127 1129 3204 mirabere
1141 3142 1298 3204 nostras.

445 3262 664 3360 Hospitium
677 3261 924 3359 requiemque
936 3273 1024 3359 peto
1042 3291 1050 3337 :
1069 3289 1216 3338 memor
1231 3263 1296 3336 ille
1308 3275 1467 3340 vetusta·

486 3497 495 3528 ¹
518 3495 600 3548 Cette
613 3501 693 3548 sorte
706 3489 742 3548 de
754 3490 929 3566 repetition,
940 3491 994 3568 qui
1004 3503 1047 3550 est
1059 3492 1095 3549 de
1107 3493 1209 3568 simple
1223 3504 1378 3550 ornament
1391 3506 1420 3550 at
1430 3497 1483 3571 qui

444 3611 463 3650 a
472 3613 512 3650 un
523 3595 674 3669 agrement
686 3591 780 3659 infmi,
791 3592 860 3648 &tait
871 3591 1019 3650 inconnue
1029 3595 1103 3674 dans
1113 3607 1199 3651 notre
1207 3596 1314 3672 langue
1323 3598 1480 3674 poetique,

443 3704 534 3748 avant
547 3711 605 3767 que
619 3710 667 3746 nra
680 3688 787 3745 fidetitt
806 3693 999 3764 scrupuleuse
1017 3691 1154 3750 &rendre
1168 3693 1195 3749 la
1212 3695 1341 3753 muniere
1355 3694 1482 3753 d’Ovide

442 3790 484 3864 l'y
498 3789 548 3846 erit
565 3789 719 3863 importee.
735 3812 748 3838 ι
764 3787 863 3844 Ecrire
878 3808 920 3844 un
934 3797 1066 3864 ouvrage
1084 3789 1208 3866 original
1221 3791 1294 3848 dans
1312 3811 1341 3848 sa
1356 3793 1482 3868 langue,

445 3909 459 3940 s
472 3890 541 3945 c'est
551 3907 736 3946 consummer
748 3907 791 3944 ses
800 3906 925 3961 propres
936 3888 1074 3944 richesses
1086 3909 1093 3943 :
1106 3890 1249 3958 triduive,
1259 3891 1329 3948 c’est
1338 3889 1481 3966 importet

442 4003 458 4036 a
471 3985 545 4044 dans
558 4007 589 4044 sa
603 3990 711 4064 langue
726 3989 766 4044 les
780 3989 888 4044 tresors
901 3987 955 4068 des¹
964 3988 1086 4065 langues
1100 3989 1267 4068 etrangeres
1279 4014 1304 4047 s.
1319 3991 1479 4056 Dacicus,

442 4087 580 4145 Discours
589 4108 641 4144 stu·
651 4091 693 4146 les
708 4089 893 4164 Georgr'ques.
