3218 5342
410 657 480 733 358
530 671 614 729 nus
644 640 1079 725 uirnuonruosns
1107 665 1330 745 n2ov1nr,

408 817 529 889 Pauca
542 811 648 910 priirs
662 805 796 884 mediis
813 804 1052 880 sermonibus
1066 806 1130 882 ille
1145 808 1314 908 locutus,

408 946 504 1018 Sum
517 967 719 1016 nemorum
737 935 947 1034 studiosus,
963 937 1036 1033 ait,
1055 937 1243 1038 caedisque
1256 941 1402 1037 ferinae3

409 1077 494 1164 Qut
506 1089 663 1150 tamone
676 1071 772 1147 silvei
785 1081 910 1144 teneas
924 1067 1058 1142 hastile
1071 1069 1254 1168 recisum,

408 1205 492 1279 Jam
505 1202 654 1278 dudum
668 1199 803 1274 dubito
821 1227 829 1272 ε
845 1201 964 1294 certe,
981 1199 1013 1270 si
1026 1196 1201 1272 fraxinus
1215 1210 1327 1296 esset,

408 1336 530 1410 Fulvo
541 1334 665 1410 colore
680 1331 777 1408 foret
795 1360 803 1406 :
820 1331 852 1404 si
866 1357 1021 1429 cornus,
1040 1331 1163 1406 nodus
1178 1331 1328 1407 inesset.

408 1469 519 1542 Unde
532 1469 598 1566 sit,
614 1470 768 1567 ignoro:
785 1466 849 1541 sed
862 1492 943 1542 non
955 1466 1157 1544 formosius
1172 1467 1245 1542 isto

359 1695 362 1700 ¹
408 1601 600 1676 Viderunt
615 1599 717 1674 oculi
729 1600 849 1674 telum
862 1599 1059 1697 jaculabile
1074 1600 1208 1674 nostri.

457 1728 611 1826 Excipit
623 1727 758 1802 Aetaeis
775 1755 796 1801 e
812 1727 993 1802 fratribus
1006 1727 1118 1826 alter,
1138 1739 1193 1826 et,
1211 1723 1336 1801 Usum

408 1862 590 1956 Majorem
604 1862 725 1959 specie
741 1863 947 1958 mirabere,
962 1860 1079 1960 dixit,
1098 1862 1141 1934 in
1156 1861 1241 1935 isto.

409 1996 682 2091 Consequitur,
703 1994 973 2091 quodcumque
983 1993 1082 2091 ,petit
1088 2023 1099 2092 3
1119 1993 1147 2066 F
1147 1993 1507 2089 ortunaquemissun

408 2127 492 2200 Non
506 2126 601 2223 regit
618 2153 625 2198 :
643 2135 681 2197 et
694 2123 855 2220 revolat,
872 2125 982 2199 nullo
995 2123 1196 2220 referente,
1215 2135 1427 2198 cruentum.

406 2257 507 2330 Tum
522 2255 614 2328 vero
630 2251 782 2348 juvenis
796 2255 954 2327 Nereius
968 2255 1098 2328 omnia
1110 2254 1268 2352 quaerit:

407 2388 486 2459 Cur
499 2384 564 2481 sit,
584 2394 622 2456 et
637 2381 741 2456 unde
753 2383 906 2475 datum;
926 2383 1013 2478 quis
1026 2381 1124 2456 tanti
1136 2380 1310 2456 muneris
1323 2391 1456 2454 auctor.
1582 2385 1583 2406 ¹

407 2515 503 2602 Quae
515 2514 628 2612 petit,
644 2513 708 2588 ille
722 2511 838 2586 refe1t
855 2539 862 2584 :
879 2509 961 2606 sed,
977 2534 1064 2606 quae
1079 2536 1234 2584 narrare
1246 2510 1387 2607 pudori
1399 2519 1448 2582 est
1458 2512 1483 2599 ¹,

406 2641 491 2728 Qus
505 2641 636 2714 tulerit
653 2638 841 2733 mercede,
861 2637 965 2711 silet:
981 2647 1179 2734 tactusque
1191 2635 1322 2712 dolore

406 2767 582 2865 Coniugis
599 2765 764 2859 amissae,
782 2764 959 2860 lacrymis
975 2764 1029 2838 ita
1041 2763 1144 2838 fatur
1156 2765 1313 2842 obortis.

453 2899 534 2972 Hoc
547 2922 627 2991 me,
645 2905 732 2965 nate
745 2893 843 2989 Des,
861 2893 947 2989 quis
960 2893 1077 2990 possit
1089 2895 1266 2972 credere?
1279 2897 1399 2972 telum

404 3030 509 3102 Flere
525 3026 632 3122 facit,
650 3024 835 3122 facietque
848 3023 917 3097 diu
926 3054 937 3119 3
955 3023 987 3098 si
998 3023 1131 3098 vivere
1143 3025 1253 3102 nobis

402 3161 489 3234 Fata
503 3159 571 3233 diu
586 3156 775 3231 dederint.
794 3156 951 3230 Hocine
966 3182 1054 3230 cum
1069 3159 1226 3254 conjuge
1239 3156 1327 3230 card

402 3287 573 3361 Perdidit
591 3315 599 3360 :
618 3285 691 3358 hoc
704 3285 854 3358 utinam
871 3283 1074 3359 caruissem
1090 3310 1251 3360 munere
1264 3287 1429 3384 semper!

450 3381 709 3510 Procris'erat5
729 3415 761 3487 si
774 3413 870 3488 forte
881 3414 997 3512 magis
1013 3413 1247 3513 pervenitad
1263 3440 1374 3490 aures

401 3546 580 3644 Orithyia
597 3557 700 3642 tuas,
719 3557 835 3642 raptae
852 3571 959 3618 soror
972 3543 1173 3643 Orithy'iae.
1388 3535 1392 3542 ¹

400 3678 441 3752 Si
457 3678 591 3753 faciem
609 3704 809 3775 moresque
822 3677 918 3755 velis
933 3679 1103 3752 conferre
1117 3677 1300 3775 duarum,

441 3909 450 3939 ¹
476 3907 573 3964 Toute
594 3905 739 3963 l'habilett
757 3905 808 3964 des
826 3905 1001 3982 interpretes
1016 3908 1064 3964 n'a
1078 3926 1121 3982 pu
1139 3903 1269 3964 tetrircir
1281 3904 1309 3960 le
1323 3919 1388 3960 sens
1401 3899 1435 3956 de

395 4023 441 4063 ces
452 4005 579 4082 paroles.
595 4006 723 4082 Puisque
737 4006 863 4080 Cephalo
877 4005 948 4063 tient
961 4026 992 4062 ce
1001 4005 1115 4079 javelot
1126 4007 1163 4063 de
1174 4003 1307 4072 Procris,
1322 4021 1355 4060 sa
1366 3999 1435 4080 legi-

396 4103 464 4159 time
477 4105 605 4179 sponse,
619 4103 771 4178 pourquoi
783 4104 965 4178 rougirait-il
978 4104 1123 4174 d'avouer
1137 4103 1152 4161 'n
1167 4097 1339 4179 quefpri1?
