<?xml version="1.0" encoding="UTF-8"?>
<!DOCTYPE html PUBLIC "-//W3C//DTD XHTML 1.0 Transitional//EN"
    "http://www.w3.org/TR/xhtml1/DTD/xhtml1-transitional.dtd">
<html xmlns="http://www.w3.org/1999/xhtml" xml:lang="en" lang="en">
 <head>
  <title>
</title>
<meta http-equiv="Content-Type" content="text/html;charset=utf-8" />
  <meta name='ocr-system' content='tesseract 3.04.00' />
  <meta name='ocr-capabilities' content='ocr_page ocr_carea ocr_par ocr_line ocrx_word'/>
</head>
<body>
  <div class='ocr_page' id='page_1' title='image "./lesmtamorphoses02saingoog_0272.png"; bbox 0 0 3170 5304; ppageno 0'>
   <div class='ocr_carea' id='block_1_1' title="bbox 440 557 1361 657">
    <p class='ocr_par' dir='ltr' id='par_1_1' title="bbox 440 557 1361 657">
     <span class='ocr_line' id='line_1_1' title="bbox 440 557 1361 657; baseline -0.011 -11"><span class='ocrx_word' id='word_1_1' title='bbox 440 571 510 646; x_wconf 73' lang='lat'><strong>228</strong></span> <span class='ocrx_word' id='word_1_2' title='bbox 553 585 638 644; x_wconf 78' lang='lat' dir='ltr'><strong>nus</strong></span> <span class='ocrx_word' id='word_1_3' title='bbox 669 557 1110 643; x_wconf 69' lang='lat' dir='ltr'><strong>uirtuonruosns</strong></span> <span class='ocrx_word' id='word_1_4' title='bbox 1140 577 1361 657; x_wconf 74' lang='lat' dir='ltr'><strong>norror,</strong></span> 
     </span>
    </p>
   </div>
   <div class='ocr_carea' id='block_1_2' title="bbox 579 771 1324 873">
    <p class='ocr_par' dir='ltr' id='par_1_2' title="bbox 579 771 1324 873">
     <span class='ocr_line' id='line_1_2' title="bbox 579 771 1324 873; baseline -0.007 -20"><span class='ocrx_word' id='word_1_5' title='bbox 579 780 673 856; x_wconf 86' lang='lat' dir='ltr'><strong>vll.</strong></span> <span class='ocrx_word' id='word_1_6' title='bbox 705 781 880 870; x_wconf 83' lang='lat' dir='ltr'><strong>Queritur</strong></span> <span class='ocrx_word' id='word_1_7' title='bbox 890 771 997 873; x_wconf 85' lang='lat' dir='ltr'><strong>opud</strong></span> <span class='ocrx_word' id='word_1_8' title='bbox 1011 774 1145 847; x_wconf 75' lang='lat' dir='ltr'><strong>liberos</strong></span> <span class='ocrx_word' id='word_1_9' title='bbox 1161 776 1324 848; x_wconf 79' lang='lat' dir='ltr'><strong><em>Latona.</em></strong></span> 
     </span>
    </p>
   </div>
   <div class='ocr_carea' id='block_1_3' title="bbox 428 963 1555 2757">
    <p class='ocr_par' dir='ltr' id='par_1_3' title="bbox 428 963 1555 2757">
     <span class='ocr_line' id='line_1_3' title="bbox 483 963 1469 1064; baseline -0.012 -14"><span class='ocrx_word' id='word_1_10' title='bbox 483 963 1469 1064; x_wconf 71' lang='lat' dir='ltr'><strong>luumnArtDeaesttsummoqueinvertioeCynthi</strong></span> 
     </span>
     <span class='ocr_line' id='line_1_4' title="bbox 432 1099 1301 1198; baseline -0.008 -19"><span class='ocrx_word' id='word_1_11' title='bbox 432 1103 586 1179; x_wconf 83' lang='lat' dir='ltr'><strong>Talibus</strong></span> <span class='ocrx_word' id='word_1_12' title='bbox 597 1115 652 1178; x_wconf 86' lang='lat' dir='ltr'><strong>est</strong></span> <span class='ocrx_word' id='word_1_13' title='bbox 663 1102 773 1177; x_wconf 82' lang='lat' dir='ltr'><strong>dictis</strong></span> <span class='ocrx_word' id='word_1_14' title='bbox 785 1099 935 1198; x_wconf 67' lang='lat' dir='ltr'><strong>geminii</strong></span> <span class='ocrx_word' id='word_1_15' title='bbox 946 1125 1034 1172; x_wconf 87' lang='lat' dir='ltr'><strong>cum</strong></span> <span class='ocrx_word' id='word_1_16' title='bbox 1047 1099 1153 1195; x_wconf 89' lang='lat' dir='ltr'><strong>prole</strong></span> <span class='ocrx_word' id='word_1_17' title='bbox 1164 1099 1301 1173; x_wconf 85' lang='lat' dir='ltr'><strong>locuta.</strong></span> 
     </span>
     <span class='ocr_line' id='line_1_5' title="bbox 481 1227 1405 1332; baseline -0.008 -25"><span class='ocrx_word' id='word_1_18' title='bbox 481 1234 541 1308; x_wconf 87' lang='lat' dir='ltr'><strong>En</strong></span> <span class='ocrx_word' id='word_1_19' title='bbox 556 1243 564 1272; x_wconf 92' lang='lat'><em>¹</em></span> <span class='ocrx_word' id='word_1_20' title='bbox 580 1259 645 1332; x_wconf 87' lang='lat' dir='ltr'><strong>ego</strong></span> <span class='ocrx_word' id='word_1_21' title='bbox 658 1244 781 1306; x_wconf 84' lang='lat' dir='ltr'><strong>vestra</strong></span> <span class='ocrx_word' id='word_1_22' title='bbox 793 1255 946 1328; x_wconf 84' lang='lat' dir='ltr'><strong>parens,</strong></span> <span class='ocrx_word' id='word_1_23' title='bbox 961 1229 1069 1306; x_wconf 87' lang='lat' dir='ltr'><strong>vobis</strong></span> <span class='ocrx_word' id='word_1_24' title='bbox 1082 1229 1251 1303; x_wconf 82' lang='lat' dir='ltr'><strong>animosa</strong></span> <span class='ocrx_word' id='word_1_25' title='bbox 1263 1227 1405 1325; x_wconf 83' lang='lat' dir='ltr'><strong>creatis,</strong></span> 
     </span>
     <span class='ocr_line' id='line_1_6' title="bbox 432 1361 1228 1474; baseline -0.003 -36"><span class='ocrx_word' id='word_1_26' title='bbox 432 1363 480 1438; x_wconf 87' lang='lat' dir='ltr'><strong>Et</strong></span> <span class='ocrx_word' id='word_1_27' title='bbox 492 1365 569 1438; x_wconf 87' lang='lat' dir='ltr'><strong>nisi</strong></span> <span class='ocrx_word' id='word_1_28' title='bbox 583 1362 747 1474; x_wconf 82' lang='lat' dir='ltr'><strong>Juuoni,</strong></span> <span class='ocrx_word' id='word_1_29' title='bbox 765 1361 865 1435; x_wconf 93' lang='lat' dir='ltr'><strong>nulli</strong></span> <span class='ocrx_word' id='word_1_30' title='bbox 879 1385 1026 1434; x_wconf 84' lang='lat' dir='ltr'><strong>cessura</strong></span> <span class='ocrx_word' id='word_1_31' title='bbox 1038 1361 1228 1459; x_wconf 74' lang='lat' dir='ltr'><strong>Deorum,</strong></span> 
     </span>
     <span class='ocr_line' id='line_1_7' title="bbox 430 1481 1428 1592; baseline -0.002 -21"><span class='ocrx_word' id='word_1_32' title='bbox 430 1497 493 1571; x_wconf 85' lang='lat' dir='ltr'><strong>An</strong></span> <span class='ocrx_word' id='word_1_33' title='bbox 504 1497 584 1570; x_wconf 84' lang='lat' dir='ltr'><strong>Dea</strong></span> <span class='ocrx_word' id='word_1_34' title='bbox 596 1481 687 1592; x_wconf 88' lang='lat' dir='ltr'><strong>sim,</strong></span> <span class='ocrx_word' id='word_1_35' title='bbox 702 1494 858 1568; x_wconf 90' lang='lat' dir='ltr'><strong>dubitor</strong></span> <span class='ocrx_word' id='word_1_36' title='bbox 875 1523 883 1567; x_wconf 92' lang='lat'><strong>:</strong></span> <span class='ocrx_word' id='word_1_37' title='bbox 899 1519 1041 1591; x_wconf 87' lang='lat' dir='ltr'><strong>perque</strong></span> <span class='ocrx_word' id='word_1_38' title='bbox 1050 1492 1180 1567; x_wconf 84' lang='lat' dir='ltr'><strong>omnia</strong></span> <span class='ocrx_word' id='word_1_39' title='bbox 1192 1493 1317 1567; x_wconf 77' lang='lat' dir='ltr'><strong>secula</strong></span> <span class='ocrx_word' id='word_1_40' title='bbox 1328 1493 1428 1571; x_wconf 84' lang='lat' dir='ltr'><strong>cultis</strong></span> 
     </span>
     <span class='ocr_line' id='line_1_8' title="bbox 430 1593 1555 1722; baseline -0.003 -23"><span class='ocrx_word' id='word_1_41' title='bbox 430 1625 589 1722; x_wconf 86' lang='lat' dir='ltr'><strong>Aroeor‚</strong></span> <span class='ocrx_word' id='word_1_42' title='bbox 603 1623 649 1698; x_wconf 80' lang='lat' dir='ltr'><strong>d!</strong></span> <span class='ocrx_word' id='word_1_43' title='bbox 666 1623 764 1720; x_wconf 85' lang='lat' dir='ltr'><strong>nati,</strong></span> <span class='ocrx_word' id='word_1_44' title='bbox 782 1622 857 1695; x_wconf 89' lang='lat' dir='ltr'><strong>nisi</strong></span> <span class='ocrx_word' id='word_1_45' title='bbox 873 1647 941 1696; x_wconf 88' lang='lat' dir='ltr'><strong>vos</strong></span> <span class='ocrx_word' id='word_1_46' title='bbox 957 1623 1195 1719; x_wconf 84' lang='lat' dir='ltr'><strong>succurritis,</strong></span> <span class='ocrx_word' id='word_1_47' title='bbox 1211 1624 1300 1697; x_wconf 84' lang='lat' dir='ltr'><strong>aris.</strong></span> <span class='ocrx_word' id='word_1_48' title='bbox 1554 1593 1555 1608; x_wconf 10' lang='grc' dir='ltr'>ἵ</span> 
     </span>
     <span class='ocr_line' id='line_1_9' title="bbox 430 1751 1242 1844; baseline -0.006 -15"><span class='ocrx_word' id='word_1_49' title='bbox 430 1755 506 1829; x_wconf 89' lang='lat' dir='ltr'><strong>Nee</strong></span> <span class='ocrx_word' id='word_1_50' title='bbox 521 1753 630 1828; x_wconf 91' lang='lat' dir='ltr'><strong>dolor</strong></span> <span class='ocrx_word' id='word_1_51' title='bbox 645 1752 709 1827; x_wconf 85' lang='lat' dir='ltr'><strong>hio</strong></span> <span class='ocrx_word' id='word_1_52' title='bbox 721 1751 834 1825; x_wconf 88' lang='lat' dir='ltr'><strong>solus.</strong></span> <span class='ocrx_word' id='word_1_53' title='bbox 853 1751 948 1825; x_wconf 91' lang='lat' dir='ltr'><strong>Diro</strong></span> <span class='ocrx_word' id='word_1_54' title='bbox 961 1752 1132 1844; x_wconf 80' lang='lat' dir='ltr'><strong>convicia</strong></span> <span class='ocrx_word' id='word_1_55' title='bbox 1143 1751 1242 1827; x_wconf 85' lang='lat' dir='ltr'><strong>facto</strong></span> 
     </span>
     <span class='ocr_line' id='line_1_10' title="bbox 429 1855 1343 1978; baseline 0 -24"><span class='ocrx_word' id='word_1_56' title='bbox 429 1880 595 1956; x_wconf 82' lang='lat' dir='ltr'><strong>Tantalis</strong></span> <span class='ocrx_word' id='word_1_57' title='bbox 607 1879 740 1977; x_wconf 86' lang='lat' dir='ltr'><strong>adjecit</strong></span> <span class='ocrx_word' id='word_1_58' title='bbox 758 1909 765 1954; x_wconf 94' lang='lat'>:</span> <span class='ocrx_word' id='word_1_59' title='bbox 780 1905 924 1976; x_wconf 85' lang='lat' dir='ltr'><strong>vosque</strong></span> <span class='ocrx_word' id='word_1_60' title='bbox 939 1893 995 1954; x_wconf 85' lang='lat' dir='ltr'><strong>est</strong></span> <span class='ocrx_word' id='word_1_61' title='bbox 1006 1893 1232 1978; x_wconf 83' lang='lat' dir='ltr'><strong>postponere</strong></span> <span class='ocrx_word' id='word_1_62' title='bbox 1246 1855 1343 1959; x_wconf 83' lang='lat' dir='ltr'><strong>natis</strong></span> 
     </span>
     <span class='ocr_line' id='line_1_11' title="bbox 428 2007 1415 2108; baseline -0.002 -24"><span class='ocrx_word' id='word_1_63' title='bbox 428 2010 531 2084; x_wconf 85' lang='lat' dir='ltr'><strong>Ausa</strong></span> <span class='ocrx_word' id='word_1_64' title='bbox 546 2011 625 2083; x_wconf 90' lang='lat' dir='ltr'><strong>suis</strong></span> <span class='ocrx_word' id='word_1_65' title='bbox 642 2038 649 2083; x_wconf 96' lang='lat'><strong>:</strong></span> <span class='ocrx_word' id='word_1_66' title='bbox 666 2021 703 2082; x_wconf 87' lang='lat' dir='ltr'><strong>et</strong></span> <span class='ocrx_word' id='word_1_67' title='bbox 714 2035 796 2104; x_wconf 86' lang='lat' dir='ltr'><strong>me,</strong></span> <span class='ocrx_word' id='word_1_68' title='bbox 811 2007 915 2104; x_wconf 93' lang='lat' dir='ltr'><strong>quod</strong></span> <span class='ocrx_word' id='word_1_69' title='bbox 925 2009 969 2082; x_wconf 88' lang='lat' dir='ltr'><strong>in</strong></span> <span class='ocrx_word' id='word_1_70' title='bbox 982 2007 1102 2106; x_wconf 82' lang='lat' dir='ltr'><strong>ipsam</strong></span> <span class='ocrx_word' id='word_1_71' title='bbox 1116 2010 1275 2108; x_wconf 89' lang='lat' dir='ltr'><strong>recidat,</strong></span> <span class='ocrx_word' id='word_1_72' title='bbox 1293 2009 1415 2084; x_wconf 83' lang='lat' dir='ltr'><strong>orbam</strong></span> 
     </span>
     <span class='ocr_line' id='line_1_12' title="bbox 428 2137 1407 2239; baseline -0.001 -27"><span class='ocrx_word' id='word_1_73' title='bbox 428 2137 556 2236; x_wconf 81' lang='lat' dir='ltr'><strong>Dixit3</strong></span> <span class='ocrx_word' id='word_1_74' title='bbox 572 2150 610 2214; x_wconf 86' lang='lat' dir='ltr'><strong>et</strong></span> <span class='ocrx_word' id='word_1_75' title='bbox 621 2137 799 2214; x_wconf 84' lang='lat' dir='ltr'><strong>exhibuit</strong></span> <span class='ocrx_word' id='word_1_76' title='bbox 810 2138 978 2236; x_wconf 82' lang='lat' dir='ltr'><strong>linguam</strong></span> <span class='ocrx_word' id='word_1_77' title='bbox 991 2141 1165 2214; x_wconf 88' lang='lat' dir='ltr'><strong>scelerata</strong></span> <span class='ocrx_word' id='word_1_78' title='bbox 1176 2153 1371 2239; x_wconf 83' lang='lat' dir='ltr'><strong>paternam</strong></span> <span class='ocrx_word' id='word_1_79' title='bbox 1383 2146 1407 2211; x_wconf 85' lang='grc'><strong>“·.</strong></span> 
     </span>
     <span class='ocr_line' id='line_1_13' title="bbox 477 2268 1301 2367; baseline 0.002 -24"><span class='ocrx_word' id='word_1_80' title='bbox 477 2269 679 2366; x_wconf 84' lang='lat' dir='ltr'><strong>Adjectura</strong></span> <span class='ocrx_word' id='word_1_81' title='bbox 690 2293 817 2367; x_wconf 83' lang='lat' dir='ltr'><strong>preces</strong></span> <span class='ocrx_word' id='word_1_82' title='bbox 834 2280 913 2342; x_wconf 86' lang='lat' dir='ltr'><strong>erat</strong></span> <span class='ocrx_word' id='word_1_83' title='bbox 925 2268 987 2342; x_wconf 88' lang='lat' dir='ltr'><strong>his</strong></span> <span class='ocrx_word' id='word_1_84' title='bbox 1000 2269 1143 2343; x_wconf 84' lang='lat' dir='ltr'><strong>Latona</strong></span> <span class='ocrx_word' id='word_1_85' title='bbox 1154 2271 1301 2366; x_wconf 78' lang='lat' dir='ltr'><strong>relatis5</strong></span> 
     </span>
     <span class='ocr_line' id='line_1_14' title="bbox 429 2395 1441 2499; baseline -0.002 -29"><span class='ocrx_word' id='word_1_86' title='bbox 429 2395 590 2494; x_wconf 89' lang='lat' dir='ltr'><strong>Desine,</strong></span> <span class='ocrx_word' id='word_1_87' title='bbox 607 2397 774 2474; x_wconf 88' lang='lat' dir='ltr'><strong>Phoebus</strong></span> <span class='ocrx_word' id='word_1_88' title='bbox 787 2397 857 2496; x_wconf 85' lang='lat' dir='ltr'><strong>ait,</strong></span> <span class='ocrx_word' id='word_1_89' title='bbox 873 2423 996 2494; x_wconf 84' lang='lat' dir='ltr'><strong>poenae</strong></span> <span class='ocrx_word' id='word_1_90' title='bbox 1008 2425 1115 2473; x_wconf 85' lang='lat' dir='ltr'><strong>mora</strong></span> <span class='ocrx_word' id='word_1_91' title='bbox 1125 2400 1253 2499; x_wconf 85' lang='lat' dir='ltr'><strong>longa,</strong></span> <span class='ocrx_word' id='word_1_92' title='bbox 1270 2399 1441 2499; x_wconf 82' lang='lat' dir='ltr'><strong>querelas.</strong></span> 
     </span>
     <span class='ocr_line' id='line_1_15' title="bbox 428 2523 1342 2632; baseline 0.008 -30"><span class='ocrx_word' id='word_1_93' title='bbox 428 2526 540 2602; x_wconf 88' lang='lat' dir='ltr'><strong>Dixit</strong></span> <span class='ocrx_word' id='word_1_94' title='bbox 552 2523 655 2600; x_wconf 90' lang='lat' dir='ltr'><strong>idem</strong></span> <span class='ocrx_word' id='word_1_95' title='bbox 667 2526 810 2602; x_wconf 87' lang='lat' dir='ltr'><strong>Phoebe</strong></span> <span class='ocrx_word' id='word_1_96' title='bbox 828 2557 836 2602; x_wconf 91' lang='lat'>:</span> <span class='ocrx_word' id='word_1_97' title='bbox 852 2528 1039 2627; x_wconf 88' lang='lat' dir='ltr'><strong>celerique</strong></span> <span class='ocrx_word' id='word_1_98' title='bbox 1052 2557 1121 2628; x_wconf 93' lang='lat' dir='ltr'><strong>per</strong></span> <span class='ocrx_word' id='word_1_99' title='bbox 1134 2537 1218 2608; x_wconf 68' lang='lat' dir='ltr'><strong>atra</strong></span> <span class='ocrx_word' id='word_1_100' title='bbox 1232 2533 1342 2632; x_wconf 84' lang='lat' dir='ltr'><strong>lapsu</strong></span> 
     </span>
     <span class='ocr_line' id='line_1_16' title="bbox 429 2657 1327 2757; baseline 0.007 -23"><span class='ocrx_word' id='word_1_101' title='bbox 429 2657 671 2757; x_wconf 83' lang='lat' dir='ltr'><strong>Contigerant</strong></span> <span class='ocrx_word' id='word_1_102' title='bbox 685 2660 775 2734; x_wconf 82' lang='lat' dir='ltr'><strong>tecti</strong></span> <span class='ocrx_word' id='word_1_103' title='bbox 790 2661 992 2738; x_wconf 76' lang='lat' dir='ltr'><strong>Cadmeida</strong></span> <span class='ocrx_word' id='word_1_104' title='bbox 1004 2664 1173 2740; x_wconf 87' lang='lat' dir='ltr'><strong>nubibus</strong></span> <span class='ocrx_word' id='word_1_105' title='bbox 1188 2689 1327 2742; x_wconf 77' lang='lat' dir='ltr'><strong>arbem.</strong></span> 
     </span>
    </p>
   </div>
   <div class='ocr_carea' id='block_1_4' title="bbox 604 2872 1287 2973">
    <p class='ocr_par' dir='ltr' id='par_1_4' title="bbox 604 2872 1287 2973">
     <span class='ocr_line' id='line_1_17' title="bbox 604 2872 1287 2973; baseline 0.004 -26"><span class='ocrx_word' id='word_1_106' title='bbox 604 2872 726 2948; x_wconf 84' lang='lat' dir='ltr'><strong>vlll.</strong></span> <span class='ocrx_word' id='word_1_107' title='bbox 753 2875 893 2973; x_wconf 84' lang='lat' dir='ltr'><strong>Apollo</strong></span> <span class='ocrx_word' id='word_1_108' title='bbox 909 2879 1094 2950; x_wconf 81' lang='lat' dir='ltr'><strong>etDiona</strong></span> <span class='ocrx_word' id='word_1_109' title='bbox 1107 2878 1287 2952; x_wconf 81' lang='lat' dir='ltr'><strong>vindices.</strong></span> 
     </span>
    </p>
   </div>
   <div class='ocr_carea' id='block_1_5' title="bbox 425 3067 1511 3431">
    <p class='ocr_par' dir='ltr' id='par_1_5' title="bbox 425 3067 1511 3431">
     <span class='ocr_line' id='line_1_18' title="bbox 475 3067 1511 3168; baseline -0.006 -25"><span class='ocrx_word' id='word_1_110' title='bbox 475 3068 668 3144; x_wconf 63' lang='lat' dir='ltr'><strong>Pueros</strong></span> <span class='ocrx_word' id='word_1_111' title='bbox 684 3080 781 3165; x_wconf 85' lang='lat' dir='ltr'><strong>erat,</strong></span> <span class='ocrx_word' id='word_1_112' title='bbox 792 3067 941 3165; x_wconf 87' lang='lat' dir='ltr'><strong>lateque</strong></span> <span class='ocrx_word' id='word_1_113' title='bbox 949 3080 1081 3166; x_wconf 81' lang='lat' dir='ltr'><strong>patens</strong></span> <span class='ocrx_word' id='word_1_114' title='bbox 1091 3095 1209 3168; x_wconf 89' lang='lat' dir='ltr'><strong>prope</strong></span> <span class='ocrx_word' id='word_1_115' title='bbox 1217 3073 1511 3166; x_wconf 80' lang='lat' dir='ltr'><strong>moeniaoampus,</strong></span> 
     </span>
     <span class='ocr_line' id='line_1_19' title="bbox 425 3199 1333 3300; baseline -0.006 -18"><span class='ocrx_word' id='word_1_116' title='bbox 425 3200 598 3282; x_wconf 77' lang='lat' dir='ltr'><strong>&#39;Assiduis</strong></span> <span class='ocrx_word' id='word_1_117' title='bbox 612 3202 783 3300; x_wconf 86' lang='lat' dir='ltr'><strong>pulsatus</strong></span> <span class='ocrx_word' id='word_1_118' title='bbox 795 3199 904 3297; x_wconf 86' lang='lat' dir='ltr'><strong>equis</strong></span> <span class='ocrx_word' id='word_1_119' title='bbox 909 3231 920 3295; x_wconf 88' lang='lat'>3</span> <span class='ocrx_word' id='word_1_120' title='bbox 935 3200 1004 3274; x_wconf 92' lang='lat' dir='ltr'><strong>ubi</strong></span> <span class='ocrx_word' id='word_1_121' title='bbox 1016 3203 1129 3275; x_wconf 87' lang='lat' dir='ltr'><strong>turba</strong></span> <span class='ocrx_word' id='word_1_122' title='bbox 1142 3213 1333 3300; x_wconf 80' lang='lat' dir='ltr'><strong>rotarum,</strong></span> 
     </span>
     <span class='ocr_line' id='line_1_20' title="bbox 429 3331 1341 3431; baseline -0.011 -21"><span class='ocrx_word' id='word_1_123' title='bbox 429 3335 610 3431; x_wconf 87' lang='lat' dir='ltr'><strong>Duraque</strong></span> <span class='ocrx_word' id='word_1_124' title='bbox 623 3332 838 3408; x_wconf 75' lang='lat' dir='ltr'><strong>mollierunt</strong></span> <span class='ocrx_word' id='word_1_125' title='bbox 851 3333 1033 3427; x_wconf 83' lang='lat' dir='ltr'><strong>subjectns</strong></span> <span class='ocrx_word' id='word_1_126' title='bbox 1049 3332 1187 3430; x_wconf 78' lang='lat' dir='ltr'><strong>ungula</strong></span> <span class='ocrx_word' id='word_1_127' title='bbox 1198 3331 1341 3430; x_wconf 73' lang='lat' dir='ltr'><strong>glebas:</strong></span> 
     </span>
    </p>
   </div>
   <div class='ocr_carea' id='block_1_6' title="bbox 297 3509 1555 4062">
    <p class='ocr_par' dir='ltr' id='par_1_6' title="bbox 297 3509 1555 4062">
     <span class='ocr_line' id='line_1_21' title="bbox 469 3509 1455 3589; baseline -0.006 -17"><span class='ocrx_word' id='word_1_128' title='bbox 469 3519 479 3549; x_wconf 91' lang='lat'>¹</span> <span class='ocrx_word' id='word_1_129' title='bbox 500 3513 541 3572; x_wconf 87' lang='lat' dir='ltr'><strong>Ce</strong></span> <span class='ocrx_word' id='word_1_130' title='bbox 551 3511 686 3571; x_wconf 79' lang='lat' dir='ltr'><strong>discours</strong></span> <span class='ocrx_word' id='word_1_131' title='bbox 697 3513 734 3570; x_wconf 85' lang='lat' dir='ltr'><strong>de</strong></span> <span class='ocrx_word' id='word_1_132' title='bbox 742 3514 855 3571; x_wconf 74' lang='lat' dir='ltr'><strong>latone</strong></span> <span class='ocrx_word' id='word_1_133' title='bbox 866 3523 910 3570; x_wconf 82' lang='lat' dir='ltr'><strong>est</strong></span> <span class='ocrx_word' id='word_1_134' title='bbox 920 3512 1134 3589; x_wconf 61' lang='lat' dir='ltr'><strong>tres-propre&amp;</strong></span> <span class='ocrx_word' id='word_1_135' title='bbox 1145 3509 1318 3572; x_wconf 76' lang='lat' dir='ltr'><strong>enflammer</strong></span> <span class='ocrx_word' id='word_1_136' title='bbox 1326 3513 1355 3571; x_wconf 70' lang='lat' dir='ltr'><strong>ln</strong></span> <span class='ocrx_word' id='word_1_137' title='bbox 1365 3509 1455 3570; x_wconf 72' lang='lat' dir='ltr'><strong>colere</strong></span> 
     </span>
     <span class='ocr_line' id='line_1_22' title="bbox 427 3609 1555 3688; baseline -0.004 -20"><span class='ocrx_word' id='word_1_138' title='bbox 427 3609 589 3684; x_wconf 78' lang='lat' dir='ltr'><strong>d’Apollou</strong></span> <span class='ocrx_word' id='word_1_139' title='bbox 604 3620 633 3666; x_wconf 84' lang='lat' dir='ltr'><strong>et</strong></span> <span class='ocrx_word' id='word_1_140' title='bbox 650 3609 687 3666; x_wconf 85' lang='lat' dir='ltr'><strong>de</strong></span> <span class='ocrx_word' id='word_1_141' title='bbox 702 3609 814 3680; x_wconf 76' lang='lat' dir='ltr'><strong>Dione,</strong></span> <span class='ocrx_word' id='word_1_142' title='bbox 832 3620 863 3667; x_wconf 86' lang='lat' dir='ltr'><strong>et</strong></span> <span class='ocrx_word' id='word_1_143' title='bbox 880 3609 897 3667; x_wconf 84' lang='lat' dir='ltr'><strong>t</strong></span> <span class='ocrx_word' id='word_1_144' title='bbox 913 3611 955 3667; x_wconf 83' lang='lat' dir='ltr'><strong>les</strong></span> <span class='ocrx_word' id='word_1_145' title='bbox 969 3611 1081 3669; x_wconf 84' lang='lat' dir='ltr'><strong>animer</strong></span> <span class='ocrx_word' id='word_1_146' title='bbox 1095 3612 1113 3668; x_wconf 78' lang='grc' dir='ltr'>ἰ</span> <span class='ocrx_word' id='word_1_147' title='bbox 1129 3630 1239 3688; x_wconf 76' lang='lat' dir='ltr'><strong>renger</strong></span> <span class='ocrx_word' id='word_1_148' title='bbox 1255 3611 1385 3670; x_wconf 79' lang='lat' dir='ltr'><strong>l’insulte</strong></span> <span class='ocrx_word' id='word_1_149' title='bbox 1400 3625 1454 3684; x_wconf 80' lang='lat' dir='ltr'><strong>qna</strong></span> <span class='ocrx_word' id='word_1_150' title='bbox 1554 3615 1555 3628; x_wconf 65' lang='lat'>¹</span> 
     </span>
     <span class='ocr_line' id='line_1_23' title="bbox 426 3707 1555 3786; baseline -0.004 -19"><span class='ocrx_word' id='word_1_151' title='bbox 426 3707 522 3768; x_wconf 69' lang='lat' dir='ltr'><strong>niobe</strong></span> <span class='ocrx_word' id='word_1_152' title='bbox 535 3726 553 3765; x_wconf 80' lang='lat' dir='ltr'><strong>a</strong></span> <span class='ocrx_word' id='word_1_153' title='bbox 567 3707 635 3764; x_wconf 78' lang='lat' dir='ltr'><strong>faite</strong></span> <span class='ocrx_word' id='word_1_154' title='bbox 648 3707 665 3764; x_wconf 74' lang='lat' dir='ltr'><strong>b</strong></span> <span class='ocrx_word' id='word_1_155' title='bbox 678 3708 743 3764; x_wconf 85' lang='lat' dir='ltr'><strong>leur</strong></span> <span class='ocrx_word' id='word_1_156' title='bbox 756 3709 847 3766; x_wconf 71' lang='lat' dir='ltr'><strong>inbre.</strong></span> <span class='ocrx_word' id='word_1_157' title='bbox 860 3709 903 3764; x_wconf 84' lang='lat' dir='ltr'><strong>Ia</strong></span> <span class='ocrx_word' id='word_1_158' title='bbox 915 3707 1059 3784; x_wconf 80' lang='lat' dir='ltr'><strong>particule</strong></span> <span class='ocrx_word' id='word_1_159' title='bbox 1071 3728 1108 3767; x_wconf 84' lang='lat' dir='ltr'><strong>en</strong></span> <span class='ocrx_word' id='word_1_160' title='bbox 1120 3719 1164 3768; x_wconf 73' lang='lat' dir='ltr'><strong>est</strong></span> <span class='ocrx_word' id='word_1_161' title='bbox 1175 3709 1273 3786; x_wconf 81' lang='lat' dir='ltr'><strong>pleine</strong></span> <span class='ocrx_word' id='word_1_162' title='bbox 1284 3709 1323 3768; x_wconf 88' lang='lat' dir='ltr'><strong>de</strong></span> <span class='ocrx_word' id='word_1_163' title='bbox 1335 3725 1455 3767; x_wconf 83' lang='lat' dir='ltr'><strong>mouve-</strong></span> <span class='ocrx_word' id='word_1_164' title='bbox 1554 3761 1555 3782; x_wconf 15' lang='grc' dir='ltr'>χ</span> 
     </span>
     <span class='ocr_line' id='line_1_24' title="bbox 425 3804 986 3882; baseline -0.002 -19"><span class='ocrx_word' id='word_1_165' title='bbox 425 3816 524 3874; x_wconf 75' lang='lat' dir='ltr'><strong>ment,</strong></span> <span class='ocrx_word' id='word_1_166' title='bbox 534 3805 572 3862; x_wconf 85' lang='lat' dir='ltr'><strong>de</strong></span> <span class='ocrx_word' id='word_1_167' title='bbox 585 3804 709 3863; x_wconf 71' lang='lat' dir='ltr'><strong>vivacite</strong></span> <span class='ocrx_word' id='word_1_168' title='bbox 721 3817 750 3862; x_wconf 87' lang='lat' dir='ltr'><strong>et</strong></span> <span class='ocrx_word' id='word_1_169' title='bbox 762 3804 986 3882; x_wconf 79' lang='lat' dir='ltr'><strong>d‘indignation.</strong></span> 
     </span>
     <span class='ocr_line' id='line_1_25' title="bbox 297 3903 1453 3994; baseline -0.005 -31"><span class='ocrx_word' id='word_1_170' title='bbox 297 3988 300 3994; x_wconf 88' lang='lat'>.</span> <span class='ocrx_word' id='word_1_171' title='bbox 470 3909 483 3939; x_wconf 76' lang='lat'><strong>¹</strong></span> <span class='ocrx_word' id='word_1_172' title='bbox 505 3905 628 3968; x_wconf 75' lang='lat' dir='ltr'><strong>Tantalo</strong></span> <span class='ocrx_word' id='word_1_173' title='bbox 645 3905 725 3969; x_wconf 76' lang='lat' dir='ltr'><strong>avait</strong></span> <span class='ocrx_word' id='word_1_174' title='bbox 741 3903 850 3981; x_wconf 71' lang='lat' dir='ltr'><strong>injurie</strong></span> <span class='ocrx_word' id='word_1_175' title='bbox 865 3905 907 3968; x_wconf 73' lang='lat' dir='ltr'><strong>ta</strong></span> <span class='ocrx_word' id='word_1_176' title='bbox 919 3905 1025 3977; x_wconf 75' lang='lat' dir='ltr'><strong>dieas,</strong></span> <span class='ocrx_word' id='word_1_177' title='bbox 1041 3904 1094 3984; x_wconf 85' lang='lat' dir='ltr'><strong>qui</strong></span> <span class='ocrx_word' id='word_1_178' title='bbox 1106 3905 1243 3966; x_wconf 75' lang='lat' dir='ltr'><strong>l&#39;avaient</strong></span> <span class='ocrx_word' id='word_1_179' title='bbox 1255 3905 1352 3964; x_wconf 64' lang='lat' dir='ltr'><strong>admit</strong></span> <span class='ocrx_word' id='word_1_180' title='bbox 1364 3904 1380 3962; x_wconf 71' lang='lat' dir='ltr'><strong>t</strong></span> <span class='ocrx_word' id='word_1_181' title='bbox 1392 3903 1453 3960; x_wconf 78' lang='lat' dir='ltr'><strong>leur</strong></span> 
     </span>
     <span class='ocr_line' id='line_1_26' title="bbox 427 4001 514 4062; baseline 0.034 -6"><span class='ocrx_word' id='word_1_182' title='bbox 427 4001 514 4062; x_wconf 80' lang='lat' dir='ltr'><strong>table.</strong></span> 
     </span>
    </p>
   </div>
   <div class='ocr_carea' id='block_1_7' title="bbox 0 0 1590 5304">
    <p class='ocr_par' dir='ltr' id='par_1_7' title="bbox 0 0 1590 5304">
     <span class='ocr_line' id='line_1_27' title="bbox 0 0 1590 5304; baseline 0 0"><span class='ocrx_word' id='word_1_183' title='bbox 0 0 1590 5304; x_wconf 95' lang='lat' dir='ltr'><strong> </strong></span> 
     </span>
    </p>
   </div>
  </div>
 </body>
</html>
