3218 5342
418 539 492 619 524
533 555 618 618 uus
647 527 1083 610 ue'rsuoeruosus
1113 547 1343 623 n’ovrnr„

418 709 543 796 Quem
557 701 738 778 dederant
752 707 902 792 centus,
920 694 1148 792 magicaeque
1164 694 1333 792 potentia
1345 692 1492 790 lingue.
1576 779 1577 784 Ἰ

289 815 292 824 ’
417 832 731 928 Inumsntjussae
746 855 835 901 cum
850 824 1028 900 coicum
1041 824 1175 898 limina
1188 838 1307 920 na1ae3

417 961 715 1056 Ambierantque
724 967 853 1028 torum
867 983 875 1027 :
889 951 992 1040 Quid
1001 978 1107 1026 nunc
1118 953 1319 1050 dubitatis,
1331 950 1489 1024 inertes?

415 1095 596 1194 Stringite
604 1152 615 1190 ,
631 1092 701 1188 ait,
716 1089 872 1188 gladios5
887 1098 1131 1184 veteremque
1143 1085 1296 1160 haurite
1308 1109 1498 1180 cruores,

416 1225 470 1298 Ut
484 1224 648 1322 repleam
661 1245 797 1296 vacuas
809 1216 972 1316 juvenili
985 1217 1166 1314 sanguiue
1179 1241 1314 1290 venas:

415 1353 465 1428 In
477 1351 654 1428 manibus
667 1348 802 1423 vestris
816 1346 896 1420 vita
913 1357 968 1419 est
983 1357 1146 1442 aetasque
1159 1343 1338 1442 parentis.

414 1481 457 1555 si
468 1483 585 1579 pictas
597 1481 676 1554 ulla
693 1491 765 1574 est,
785 1503 855 1551 nec
868 1501 951 1575 spes
964 1474 1108 1572 agitatis
1124 1473 1275 1568 inanes,

417 1613 596 1690 Officium
613 1625 785 1710 praestate
797 1609 897 1708 patri
914 1638 922 1681 :
940 1608 1100 1705 telisque
1117 1617 1304 1679 senectam

414 1739 582 1839 Exigite,
599 1753 637 1814 et
650 1740 793 1814 saniem
805 1740 973 1831 conjecto
990 1734 1150 1810 emittite
1161 1732 1275 1806 ferros

463 1866 533 1940 His
541 1923 552 1960 ‚
567 1877 613 1936 ut
620 1889 782 1961 quaequc
791 1865 854 1958 pia
867 1873 940 1959 est,
954 1863 1169 1936 hortatibus
1177 1862 1296 1958 impie
1301 1861 1425 1959 prima
1432 1873 1501 1935 est:
1576 1919 1577 1980 ἦ

414 1994 463 2067 Et
474 2018 524 2066 ne
537 1993 586 2066 sit
598 1989 792 2088 scelerata,
809 1991 899 2065 facit
913 1993 1045 2066 scelus.
1061 1991 1172 2065 Haud
1186 2003 1314 2066 temen
1325 1994 1423 2068 ictus

413 2125 500 2200 Ulla
512 2151 599 2199 suos
612 2137 776 2223 spectare
789 2135 911 2222 potest
925 2153 933 2198 ε
952 2123 1156 2221 oculosque
1164 2125 1365 2200 reflectunt
1379 2133 1411 2224 ¹,

415 2253 594 2351 Caecaque
607 2252 700 2326 dant
712 2252 820 2328 saevis
833 2277 974 2327 aversas
988 2252 1149 2327 vulnera
1160 2251 1318 2328 dextris.

414 2383 500 2482 Ille,
516 2408 650 2456 cruore
664 2382 806 2478 fluens,
826 2382 956 2456 cubito
971 2394 1099 2457 tamen
1111 2383 1248 2458 allevat
1258 2395 1380 2482 ertus3

414 2516 690 2612 Semilecerque
702 2527 785 2588 tero
797 2526 919 2588 tentat
931 2540 1176 2612 consurgere:
1193 2515 1347 2590 etinter
1576 2489 1577 2562 l

414 2647 489 2722 Tot
501 2645 649 2722 medius
662 2645 800 2744 gladios
814 2647 992 2744 pallentia
1007 2643 1161 2720 brachia
1176 2644 1354 2745 tendens3
1576 2615 1577 2700 l

416 2773 520 2863 Quid
533 2774 674 2872 facitis,
690 2777 836 2872 grutae?
849 2775 944 2873 quid
959 2799 1027 2850 vos
1040 2777 1084 2848 in
1095 2774 1169 2848 fate
1181 2776 1347 2872 parentis

414 2906 564 3001 Amat,
579 2903 656 2978 ait?
669 2902 834 2979 cecidere
849 2906 924 2979 illis
941 2905 1136 3003 animique
1147 2931 1372 3004 manusque.

414 3035 529 3112 Plura
541 3036 717 3110 locuturo
730 3062 818 3110 cum
831 3039 959 3111 verbis
972 3049 1124 3135 guttura
1139 3035 1288 3110 Colchis

321 3145 325 3170 '
415 3169 600 3268 Asamus,
616 3182 654 3244 et
667 3167 797 3244 cuius
812 3170 996 3246 laniatum
1013 3175 1143 3249 mersit
1155 3170 1270 3245 asnis.

574 3365 670 3441 Vll.
697 3369 776 3441 Iter
793 3369 1009 3442 Corinthum
1017 3365 1125 3469 facit
1137 3369 1290 3440 Medea.

464 3559 596 3646 Quot)
612 3559 688 3634 nisi
701 3567 874 3659 pennatis
887 3563 1125 3662 serpentibus
1138 3565 1227 3636 isset
1237 3562 1421 3658 inauras,

412 3690 499 3768 Non
513 3703 662 3767 exemia
673 3690 770 3766 foret
781 3719 906 3792 poenae
923 3723 931 3770 :
947 3694 1042 3794 fugit
1054 3695 1146 3794 elta,
1162 3719 1351 3794 superque

456 3873 468 3905 ⁸
491 3875 636 3931 Decorum
649 3887 743 3932 servat
749 3883 843 3953 poeta
853 3878 976 3953 piarum
989 3877 1020 3932 ‘in
1027 3877 1309 3952 patremfiliarum‚
1324 3894 1448 3953 quarm

415 3971 496 4028 nulla
502 3973 602 4048 potuit
611 3974 749 4034 sustinere
755 4016 766 4046 ,
783 3987 816 4034 ue
825 3987 972 4053 spectaret
982 3977 1108 4034 vulnera
1116 3977 1221 4053 paos's.
