3218 5342
417 566 488 640 516
531 577 619 635 nus
648 547 1097 634 uteruorrnosm
1126 570 1355 651 n’ovrns,

409 727 626 802 Clrmrediit
636 757 643 799 :
654 719 1004 823 nequeeranttacti,
1021 719 1097 792 nisi
1105 719 1238 816 odore,
1256 721 1451 816 draconeq

410 857 461 932 Et
475 870 604 934 tamen
620 881 772 932 annosae
785 853 925 952 pellem
938 851 1099 947 posuere
1111 864 1281 930 senectae.

691 1053 740 1126 V.
768 1049 1005 1149 Sacrificium
1021 1052 1184 1149 peragit.

458 1250 719 1324 corsmrm
735 1242 945 1318 adveniens
959 1243 1055 1318 citra
1068 1243 1266 1341 limenque
1278 1241 1463 1340 foresque,

409 1383 458 1456 Et
470 1393 621 1456 tentum
637 1379 732 1453 coelo
746 1375 886 1474 tegitur
904 1402 911 1448 :
928 1373 1145 1472 refugitque
1159 1374 1293 1450 viriles

410 1513 629 1608 Contactus3
646 1509 853 1605 statuitque
868 1531 950 1580 uras
967 1533 987 1580 e
1004 1507 1142 1604 cespite
1156 1505 1288 1604 binas,

411 1639 635 1716 Dexteriore
647 1637 821 1734 Hecates,
838 1649 877 1710 at
890 1635 988 1711 laevs
1003 1649 1110 1734 parte
1122 1639 1145 1711 J
1146 1651 1313 1712 uventae.

411 1774 515 1860 Quas
530 1773 599 1846 ubi
610 1771 788 1847 verbenis
802 1769 972 1866 silvelque
984 1770 1152 1846 incinxit
1164 1771 1317 1870 agresti,

413 1905 525 1980 Haud
541 1903 696 2003 procul,
711 1901 830 2000 egesti
842 1901 1038 2014 scrobibus
1052 1902 1188 1976 tellure
1204 1901 1372 2002 duabus,

414 2039 524 2112 Sacra
536 2037 625 2112 facit
642 2065 649 2110 :
667 2035 883 2133 cultrosque
896 2037 939 2110 in
952 2048 1104 2135 gutture
1120 2036 1272 2111 velleris
1285 2037 1359 2112 atri

289 2161 293 2172 ’
414 2169 594 2269 Conjicit‚
613 2181 651 2243 et
662 2169 807 2266 patulus
820 2168 1018 2265 perfundit
1031 2169 1213 2274 sanguine
1226 2167 1354 2242 fossas.

414 2301 517 2380 Tum
534 2327 648 2399 super
661 2300 863 2399 invergens
875 2299 1015 2397 liquidi
1029 2299 1217 2374 carehesia
1229 2299 1387 2397 Bacchi,
1423 2287 1427 2294 ’

416 2435 611 2534 AEneaque
625 2435 825 2533 invergens
840 2431 961 2531 tepidi
974 2433 1163 2508 carchesia
1177 2433 1305 2529 laetis3

413 2561 538 2637 Verba
551 2563 668 2638 simul
680 2563 832 2660 fundit,
852 2575 1079 2659 terrenaque
1091 2560 1257 2635 numine
1267 2560 1403 2658 poscit3

414 2695 727 2795 Umbrarumque
740 2708 845 2796 rogat
857 2697 966 2796 rapti
979 2703 1069 2771 cum
1082 2698 1239 2794 conjuge
1251 2721 1395 2794 regem,

414 2833 469 2907 Ne
485 2844 693 2930 properent
706 2844 810 2906 artus
824 2833 953 2908 animi
970 2831 1145 2908 fraudem
1158 2829 1308 2905 seniles.

464 2962 569 3050 Quos
583 2965 652 3037 ubi
665 2963 828 3062 placavit
840 2967 1093 3064 precibusque
1106 2975 1144 3037 et
1156 2987 1362 3038 murmure
1373 2960 1486 3056 longo,

417 3095 568 3170 AEsonis
585 3095 756 3172 effoetum
773 3096 936 3195 proferri
950 3121 1088 3194 corpus
1103 3093 1149 3168 ad
1167 3119 1248 3168 aras

415 3223 534 3298 lussit
550 3253 558 3296 :
576 3235 613 3298 et
626 3226 668 3298 in
681 3226 812 3323 plenos
826 3228 1039 3302 resolutum
1053 3225 1221 3300 carmine
1235 3247 1404 3318 somnos,

415 3355 594 3429 Exanimi
611 3357 794 3450 similem,
813 3360 938 3433 stratis
951 3358 1124 3456 porrexit
1140 3357 1183 3430 in
1196 3355 1340 3431 herbis.

416 3485 517 3560 Hinc
530 3487 664 3584 procul
673 3483 1510 3588 AEsoniden,proculhincjubetireminiso·os;
1568 3569 1569 3574 η

416 3619 463 3692 Et
479 3632 610 3694 monet
622 3622 765 3695 arcanis
782 3622 910 3696 oculos
927 3647 1125 3697 removere
1142 3619 1332 3720 profanos.
1568 3601 1569 3604 Ἴ

415 3745 631 3845 Diffugiunt
642 3753 747 3846 jussi.
767 3751 886 3825 Passis
899 3751 1040 3826 Medeea
1057 3754 1218 3850 capium,

418 3875 672 3949 bacchantum
690 3877 788 3976 ritu,
806 3879 1002 3979 flagrantes
1015 3881 1153 3954 circuit
1168 3905 1267 3974 arus3

418 3999 697 4100 Multifidasque
714 4005 810 4080 faces
825 4009 869 4084 in
885 4008 981 4087 fossi
998 4008 1192 4106 sanguinis
1207 4007 1287 4080 atri
1555 4043 1569 4110 q
